3242 4709
230 527 234 538 ·
326 553 329 562 .
389 486 504 589 poste-u
530 489 562 558 dr
588 483 755 562 inibimus
792 509 976 584 parantur,
1015 484 1135 560 seniim
1164 485 1266 564 senfin

392 617 459 690 que
480 583 692 670 evanescere,
718 588 789 657 imo
811 584 929 688 saepius
951 584 1151 687 Seplaisariis
1172 592 1265 664 vend

392 719 431 766 ac
461 689 608 790 proinde
639 713 711 760 non
732 689 876 787 amplius
903 715 1089 789 apparere,
1120 692 1155 764 dr
1183 716 1266 766 tame

393 818 464 867 non
496 818 562 891 pro
594 793 676 862 raris
704 790 882 862 venditari.
964 791 1087 890 Qroad
1102 793 1266 887 ftcuudam

391 897 610 993 Experientia
634 916 695 963 nos
709 891 851 973 docuit,
875 892 1014 969 titulum
1041 892 1123 965 iibri
1143 894 1267 968 rariffin

393 996 427 1068 dr
449 995 562 1067 ubivis
583 989 704 1065 frustra
723 990 847 1089 quaefiti
873 995 911 1064 in
932 995 1092 1089 Catalogo
1119 999 1220 1070 unius
1240 1025 1267 1070 v=

393 1098 529 1170 alterius
558 1093 779 1191 bibliopolae,
820 1095 880 1192 qui
903 1090 973 1193 ipse
1006 1098 1149 1169 raritatis
1177 1101 1266 1172 imm

393 1223 472 1271 mur
503 1221 558 1268 aut
579 1190 700 1266 inscius
729 1192 799 1277 est,
832 1196 1108 1294 quandoquidem
1136 1225 1268 1299 apparer

393 1293 510 1402 poste,
535 1297 642 1394 ucujus
673 1298 811 1368 unicum
841 1293 931 1369 forte
941 1307 946 1344 ·'
957 1294 1096 1370 fortuna
1124 1304 1268 1404 exempli

392 1426 470 1473 cnm
491 1397 564 1488 aliis
592 1396 716 1468 nullius
742 1399 845 1496 pretii
868 1394 1000 1498 scriptis
1024 1402 1063 1473 in
1082 1426 1203 1478 manus
1229 1405 1269 1503 ejr

395 1501 525 1575 incidit.
576 1505 674 1574 Snn.
698 1504 858 1573 Enurr.

432 1709 516 1798 VL.
530 1707 647 1795 Libri
668 1661 753 1795 ruri
777 1732 863 1795 non
888 1703 1052 1822 semper
1072 1707 1165 1798 sunt
1187 1719 1270 1829 op'n'

344 1823 441 1924 mi,
474 1842 546 1907 aut
570 1819 707 1932 digni,
739 1826 812 1935 qui
842 1817 881 1905 ie
936 1844 1061 1916 ntur3
1103 1830 1268 1937 quinim

343 1959 647 2047 nonnunquam
684 1932 775 2019 sunt
813 1958 866 2046 pe
917 1938 990 2018 mi,
1071 1932 1271 2049 Saepiffim

342 2046 449 2133 liber
472 2044 635 2145 malus,
665 2070 713 2131 ac
737 2042 923 2148 inutilis,
958 2043 1168 2135 ubsolam
1193 2056 1272 2138 ran·

322 2256 327 2268 ¹
348 2180 479 2245 tatem
505 2163 549 2242 in
574 2162 711 2272 pretio
738 2153 808 2242 est,

400 2313 433 2378 A
446 2308 579 2378 raritate
598 2303 678 2378 libri
699 2327 937 2401 argumentum
961 2302 1004 2376 de
1018 2302 1201 2403 praestantia
1215 2306 1273 2401 eju

400 2408 478 2479 dem
504 2409 648 2480 minime
666 2407 852 2507 petendum
873 2404 932 2480 estt
978 2411 1188 2480 Crunrcvs
1202 2405 1273 2478 'Bid

398 2514 522 2582 naim.
546 2507 590 2585 εἴ
607 2513 753 2583 Modern.
777 2513 882 2580 Tum.
899 2513 976 2579 VH.
999 2533 1034 2607 p.
1047 2532 1075 2596 3.
1103 2509 1137 2581 dr
1156 2512 1192 2581 in
1212 2514 1274 2583 Pri

383 2613 515 2710 satione
535 2615 628 2683 Artis
648 2617 774 2683 Criticae
795 2610 874 2684 edit.
894 2617 959 2682 An.
975 2635 1061 2700 1712.
1089 2635 1159 2681 non
1180 2613 1274 2710 inepr

395 2714 545 2808 judicat,
578 2738 672 2786 raros
693 2712 798 2785 libros
824 2735 901 2783 raro
925 2707 989 2783 eise
1015 2709 1229 2809 praestantes,
1262 2713 1275 2784 i

266 2839 271 2850 ·
396 2813 442 2886 ob
466 2810 628 2913 idipsum
653 2840 747 2886 raros
762 2811 844 2886 'fieri
864 2810 994 2896 solere,
1031 2812 1123 2910 quod
1148 2810 1212 2884 {int
1234 2839 1275 2886 m

397 2940 460 2988 nus
474 2915 604 2988 erudite
624 2912 750 3014 scripti.
801 2910 903 2988 Conf.
931 2921 1234 2986 Huvnnuuvnr
1259 2915 1275 2986 i=

394 3015 546 3117 Conspebi.
563 3015 708 3118 reipubl.
731 3021 874 3089 literar.
901 3021 982 3116 Cap.
996 3021 1057 3090 VI,
1083 3020 1110 3108 §.
1123 3042 1165 3089 11.
1210 3018 1276 3092 iter

395 3124 554 3218 Biytrdge'
582 3145 649 3190 zur
680 3117 854 3214 Crittstbm
876 3115 1017 3214 Hisiorie
1047 3121 1107 3189 der
1132 3115 1277 3213 derttfibc.

394 3219 549 3323 Syrachc‚
574 3225 679 3291 Tom.
692 3225 770 3291 VII.
792 3246 827 3318 p.
841 3246 915 3313 492.
948 3217 1008 3291 ubi
1027 3220 1192 3319 exemplis
1214 3243 1277 3320 pru

392 3321 492 3396 batur
509 3350 516 3391 :
558 3334 577 3366 “
604 3317 674 3393 dab
689 3321 744 3394 die
760 3323 946 3395 Seltenheit
959 3324 1051 3394 eines
1063 3323 1193 3394 Bucbes
1208 3315 1277 3396 iiftr

395 3437 415 3470 “
441 3450 497 3496 rer
510 3424 566 3496 ein
575 3423 724 3496 Zeichen
739 3426 831 3496 eines
844 3419 1037 3498 schlechten
1050 3423 1097 3495 ab
1113 3425 1206 3495 eines
1218 3419 1278 3496 son

295 3561 297 3572 ·
394 3538 416 3571 “
441 3525 605 3598 derbaren
626 3525 764 3600 Werths
784 3521 853 3624 sey.
877 3578 897 3610 ‚,
951 3527 1047 3598 Hinc
1079 3525 1117 3597 in
1145 3521 1278 3600 bibliot!

394 3628 482 3727 Angl.
503 3633 548 3703 T.
557 3627 651 3706 XIV.
673 3655 706 3728 p.
714 3654 783 3720 194
799 3623 868 3727 sqq.
890 3628 1006 3727 lepide
1026 3628 1053 3700 ii
1070 3629 1278 3721 exagitantur

364 3803 367 3808 ,
392 3730 453 3825 qui
475 3725 581 3824 libros
597 3754 729 3804 tantum
743 3753 838 3802 raros
860 3732 1085 3830 conquirunt,
1111 3729 1145 3804 dr
1167 3725 1279 3802 studio

390 3825 510 3905 srffime
537 3827 599 3906 fibi
621 3853 829 3936 comparant.
1189 3883 1194 3898 ·

435 3977 438 3984 ·
535 3936 539 3944 '
1141 3929 1279 4012 AXIO·
