<?xml version="1.0" encoding="UTF-8"?>
<!DOCTYPE html PUBLIC "-//W3C//DTD XHTML 1.0 Transitional//EN"
    "http://www.w3.org/TR/xhtml1/DTD/xhtml1-transitional.dtd">
<html xmlns="http://www.w3.org/1999/xhtml" xml:lang="en" lang="en">
 <head>
  <title>
</title>
<meta http-equiv="Content-Type" content="text/html;charset=utf-8" />
  <meta name='ocr-system' content='tesseract 3.04.00' />
  <meta name='ocr-capabilities' content='ocr_page ocr_carea ocr_par ocr_line ocrx_word'/>
</head>
<body>
  <div class='ocr_page' id='page_1' title='image "./iohannisvogtcat00vogtgoog_0123.png"; bbox 0 0 3242 4709; ppageno 0'>
   <div class='ocr_carea' id='block_1_1' title="bbox 469 507 897 642">
    <p class='ocr_par' dir='ltr' id='par_1_1' title="bbox 469 507 897 642">
     <span class='ocr_line' id='line_1_1' title="bbox 469 507 897 642; baseline 0 0"><span class='ocrx_word' id='word_1_1' title='bbox 469 507 897 642; x_wconf 52' lang='lat' dir='ltr'>*ecrit</span> 
     </span>
    </p>
   </div>
   <div class='ocr_carea' id='block_1_2' title="bbox 308 722 1148 892">
    <p class='ocr_par' dir='ltr' id='par_1_2' title="bbox 308 722 1148 892">
     <span class='ocr_line' id='line_1_2' title="bbox 308 722 1148 811; baseline 0 -23"><span class='ocrx_word' id='word_1_2' title='bbox 308 724 569 788; x_wconf 75' lang='lat' dir='ltr'>Bzvmamn</span> <span class='ocrx_word' id='word_1_3' title='bbox 579 722 737 788; x_wconf 86' lang='lat' dir='ltr'>indubium</span> <span class='ocrx_word' id='word_1_4' title='bbox 746 743 826 789; x_wconf 82' lang='lat' dir='ltr'>vocat</span> <span class='ocrx_word' id='word_1_5' title='bbox 840 722 1148 811; x_wconf 75' lang='lat' dir='ltr'>Virinfigniterdoaur</span> 
     </span>
     <span class='ocr_line' id='line_1_3' title="bbox 308 807 1146 892; baseline -0.001 -22"><span class='ocrx_word' id='word_1_6' title='bbox 308 831 342 870; x_wconf 91' lang='lat' dir='ltr'>m</span> <span class='ocrx_word' id='word_1_7' title='bbox 360 807 547 870; x_wconf 76' lang='lat' dir='ltr'><strong>laudavimus</strong></span> <span class='ocrx_word' id='word_1_8' title='bbox 567 814 646 892; x_wconf 86' lang='lat' dir='ltr'><strong>Aug.</strong></span> <span class='ocrx_word' id='word_1_9' title='bbox 661 812 785 892; x_wconf 86' lang='lat' dir='ltr'>cherus</span> <span class='ocrx_word' id='word_1_10' title='bbox 805 809 848 870; x_wconf 87' lang='lat' dir='ltr'>his</span> <span class='ocrx_word' id='word_1_11' title='bbox 865 811 974 872; x_wconf 79' lang='lat' dir='ltr'>verbis:</span> <span class='ocrx_word' id='word_1_12' title='bbox 1013 815 1030 844; x_wconf 91' lang='lat'>“</span> <span class='ocrx_word' id='word_1_13' title='bbox 1050 813 1146 869; x_wconf 83' lang='lat' dir='ltr'>Beret-</span> 
     </span>
    </p>
   </div>
   <div class='ocr_carea' id='block_1_3' title="bbox 308 889 1279 957">
    <p class='ocr_par' dir='ltr' id='par_1_3' title="bbox 308 889 1279 957">
     <span class='ocr_line' id='line_1_4' title="bbox 308 889 1279 957; baseline 0.003 -3"><span class='ocrx_word' id='word_1_14' title='bbox 308 889 546 954; x_wconf 78' lang='lat' dir='ltr'>m‘Palinodiam</span> <span class='ocrx_word' id='word_1_15' title='bbox 556 893 680 954; x_wconf 82' lang='lat' dir='ltr'>cecinisse</span> <span class='ocrx_word' id='word_1_16' title='bbox 699 894 898 954; x_wconf 66' lang='lat' dir='ltr'>&amp;inpertiam</span> <span class='ocrx_word' id='word_1_17' title='bbox 915 891 1022 955; x_wconf 82' lang='lat' dir='ltr'>rediiss&#39;c</span> <span class='ocrx_word' id='word_1_18' title='bbox 1038 911 1148 952; x_wconf 90' lang='lat' dir='ltr'>memo·</span> <span class='ocrx_word' id='word_1_19' title='bbox 1275 951 1279 957; x_wconf 94' lang='lat'>.</span> 
     </span>
    </p>
   </div>
   <div class='ocr_carea' id='block_1_4' title="bbox 308 973 1227 3718">
    <p class='ocr_par' dir='ltr' id='par_1_4' title="bbox 308 973 1227 3718">
     <span class='ocr_line' id='line_1_5' title="bbox 308 973 1148 1038; baseline -0.004 -1"><span class='ocrx_word' id='word_1_20' title='bbox 308 976 438 1038; x_wconf 86' lang='lat' dir='ltr'>eleberr.</span> <span class='ocrx_word' id='word_1_21' title='bbox 455 973 578 1037; x_wconf 83' lang='lat' dir='ltr'>Historia</span> <span class='ocrx_word' id='word_1_22' title='bbox 615 1021 622 1036; x_wconf 91' lang='lat'><strong>.</strong></span> <span class='ocrx_word' id='word_1_23' title='bbox 648 979 807 1038; x_wconf 87' lang='lat' dir='ltr'>Tenzelius.</span> <span class='ocrx_word' id='word_1_24' title='bbox 856 977 913 1038; x_wconf 88' lang='lat' dir='ltr'>Sed</span> <span class='ocrx_word' id='word_1_25' title='bbox 932 991 1055 1038; x_wconf 85' lang='lat' dir='ltr'>mentem</span> <span class='ocrx_word' id='word_1_26' title='bbox 1070 973 1148 1034; x_wconf 83' lang='lat' dir='ltr'>liram</span> 
     </span>
     <span class='ocr_line' id='line_1_6' title="bbox 308 1057 1149 1142; baseline -0.002 -23"><span class='ocrx_word' id='word_1_27' title='bbox 308 1058 372 1120; x_wconf 69' lang='lat' dir='ltr'>‚ille</span> <span class='ocrx_word' id='word_1_28' title='bbox 398 1057 555 1122; x_wconf 82' lang='lat' dir='ltr'>salaciffimi</span> <span class='ocrx_word' id='word_1_29' title='bbox 578 1061 686 1142; x_wconf 77' lang='lat' dir='ltr'>ingenii</span> <span class='ocrx_word' id='word_1_30' title='bbox 710 1063 860 1136; x_wconf 86' lang='lat' dir='ltr'>Criticum,</span> <span class='ocrx_word' id='word_1_31' title='bbox 888 1059 919 1121; x_wconf 91' lang='lat' dir='ltr'>id</span> <span class='ocrx_word' id='word_1_32' title='bbox 942 1059 1000 1122; x_wconf 86' lang='lat' dir='ltr'>fere</span> <span class='ocrx_word' id='word_1_33' title='bbox 1026 1057 1149 1126; x_wconf 65' lang='lat' dir='ltr'>dubitoe</span> 
     </span>
     <span class='ocr_line' id='line_1_7' title="bbox 308 1137 1148 1222; baseline -0.006 -18"><span class='ocrx_word' id='word_1_34' title='bbox 308 1143 366 1204; x_wconf 89' lang='lat' dir='ltr'>lem</span> <span class='ocrx_word' id='word_1_35' title='bbox 385 1142 420 1202; x_wconf 91' lang='lat' dir='ltr'>in</span> <span class='ocrx_word' id='word_1_36' title='bbox 439 1141 468 1200; x_wconf 91' lang='grc'>0</span> <span class='ocrx_word' id='word_1_37' title='bbox 491 1162 536 1202; x_wconf 90' lang='lat' dir='ltr'>ere</span> <span class='ocrx_word' id='word_1_38' title='bbox 556 1145 592 1202; x_wconf 83' lang='lat' dir='ltr'>de</span> <span class='ocrx_word' id='word_1_39' title='bbox 605 1141 763 1219; x_wconf 78' lang='lat' dir='ltr'>Prossilulir</span> <span class='ocrx_word' id='word_1_40' title='bbox 779 1145 902 1204; x_wconf 84' lang='lat' dir='ltr'>Veterum</span> <span class='ocrx_word' id='word_1_41' title='bbox 920 1142 1032 1205; x_wconf 85' lang='lat' dir='ltr'>edendo</span> <span class='ocrx_word' id='word_1_42' title='bbox 1052 1137 1148 1222; x_wconf 82' lang='lat' dir='ltr'>postea</span> 
     </span>
     <span class='ocr_line' id='line_1_8' title="bbox 310 1162 1149 1308; baseline -0.002 -23"><span class='ocrx_word' id='word_1_43' title='bbox 310 1225 391 1296; x_wconf 86' lang='lat' dir='ltr'>fuit,</span> <span class='ocrx_word' id='word_1_44' title='bbox 419 1225 449 1285; x_wconf 72' lang='lat' dir='ltr'>a</span> <span class='ocrx_word' id='word_1_45' title='bbox 464 1162 570 1308; x_wconf 75' lang='lat' dir='ltr'>ligures</span> <span class='ocrx_word' id='word_1_46' title='bbox 582 1222 707 1300; x_wconf 77' lang='lat' dir='ltr'>lascivas,</span> <span class='ocrx_word' id='word_1_47' title='bbox 728 1247 790 1306; x_wconf 86' lang='lat' dir='ltr'>quae</span> <span class='ocrx_word' id='word_1_48' title='bbox 807 1228 877 1286; x_wconf 81' lang='lat' dir='ltr'>ultra</span> <span class='ocrx_word' id='word_1_49' title='bbox 888 1227 978 1289; x_wconf 79' lang='lat'>6000.</span> <span class='ocrx_word' id='word_1_50' title='bbox 996 1226 1149 1287; x_wconf 86' lang='lat' dir='ltr'>talerorum</span> 
     </span>
     <span class='ocr_line' id='line_1_9' title="bbox 308 1304 1151 1390; baseline 0 -22"><span class='ocrx_word' id='word_1_51' title='bbox 308 1307 484 1381; x_wconf 64' lang='lat' dir='ltr'>militamt,</span> <span class='ocrx_word' id='word_1_52' title='bbox 504 1306 641 1390; x_wconf 71' lang='lat' dir='ltr'>collegisse</span> <span class='ocrx_word' id='word_1_53' title='bbox 656 1308 784 1370; x_wconf 89' lang='lat' dir='ltr'>creditur.</span> <span class='ocrx_word' id='word_1_54' title='bbox 826 1311 967 1370; x_wconf 85' lang='lat' dir='ltr'>Attatnen·</span> <span class='ocrx_word' id='word_1_55' title='bbox 977 1311 1059 1389; x_wconf 83' lang='lat' dir='ltr'>Opus</span> <span class='ocrx_word' id='word_1_56' title='bbox 1072 1304 1151 1368; x_wconf 80' lang='lat' dir='ltr'>illud</span> 
     </span>
     <span class='ocr_line' id='line_1_10' title="bbox 308 1390 1148 1472; baseline -0.005 -19"><span class='ocrx_word' id='word_1_57' title='bbox 308 1412 349 1453; x_wconf 83' lang='lat' dir='ltr'>tm</span> <span class='ocrx_word' id='word_1_58' title='bbox 364 1391 542 1472; x_wconf 75' lang='lat' dir='ltr'>impuritates</span> <span class='ocrx_word' id='word_1_59' title='bbox 557 1391 730 1455; x_wconf 66' lang='lat' dir='ltr'>detestatum</span> <span class='ocrx_word' id='word_1_60' title='bbox 745 1393 775 1453; x_wconf 91' lang='lat' dir='ltr'>in</span> <span class='ocrx_word' id='word_1_61' title='bbox 789 1391 875 1454; x_wconf 87' lang='lat' dir='ltr'>herba</span> <span class='ocrx_word' id='word_1_62' title='bbox 887 1390 961 1472; x_wconf 81' lang='lat' dir='ltr'>quali</span> <span class='ocrx_word' id='word_1_63' title='bbox 973 1390 1148 1464; x_wconf 87' lang='lat' dir='ltr'>suffocatum,</span> 
     </span>
     <span class='ocr_line' id='line_1_11' title="bbox 310 1469 1148 1556; baseline -0.005 -20"><span class='ocrx_word' id='word_1_64' title='bbox 310 1472 448 1536; x_wconf 69' lang='lat' dir='ltr'>vertendi</span> <span class='ocrx_word' id='word_1_65' title='bbox 461 1490 553 1534; x_wconf 87' lang='lat' dir='ltr'>morte</span> <span class='ocrx_word' id='word_1_66' title='bbox 573 1469 744 1556; x_wconf 79' lang='lat' dir='ltr'>suppressum</span> <span class='ocrx_word' id='word_1_67' title='bbox 765 1475 812 1538; x_wconf 88' lang='lat' dir='ltr'>est.</span> <span class='ocrx_word' id='word_1_68' title='bbox 828 1522 846 1550; x_wconf 88' lang='lat'>„</span> <span class='ocrx_word' id='word_1_69' title='bbox 888 1479 956 1536; x_wconf 75' lang='lat' dir='ltr'>llec</span> <span class='ocrx_word' id='word_1_70' title='bbox 974 1474 1010 1536; x_wconf 84' lang='lat' dir='ltr'>de</span> <span class='ocrx_word' id='word_1_71' title='bbox 1022 1473 1148 1535; x_wconf 72' lang='lat' dir='ltr'>retralla·</span> 
     </span>
     <span class='ocr_line' id='line_1_12' title="bbox 308 1556 1150 1639; baseline -0.005 -20"><span class='ocrx_word' id='word_1_72' title='bbox 308 1556 455 1621; x_wconf 72' lang='lat' dir='ltr'>:vellendi</span> <span class='ocrx_word' id='word_1_73' title='bbox 475 1557 550 1618; x_wconf 82' lang='lat' dir='ltr'>laud.</span> <span class='ocrx_word' id='word_1_74' title='bbox 564 1559 694 1639; x_wconf 80' lang='lat' dir='ltr'>chems.</span> <span class='ocrx_word' id='word_1_75' title='bbox 729 1557 784 1622; x_wconf 80' lang='lat' dir='ltr'>Est</span> <span class='ocrx_word' id='word_1_76' title='bbox 799 1559 883 1620; x_wconf 78' lang='lat' dir='ltr'>nobis</span> <span class='ocrx_word' id='word_1_77' title='bbox 896 1557 933 1621; x_wconf 85' lang='lat' dir='ltr'>ad</span> <span class='ocrx_word' id='word_1_78' title='bbox 946 1577 1063 1620; x_wconf 75' lang='lat' dir='ltr'>monus:</span> <span class='ocrx_word' id='word_1_79' title='bbox 1084 1557 1150 1616; x_wconf 86' lang='lat' dir='ltr'>Ha·</span> 
     </span>
     <span class='ocr_line' id='line_1_13' title="bbox 308 1639 1148 1722; baseline -0.007 -20"><span class='ocrx_word' id='word_1_80' title='bbox 308 1645 374 1703; x_wconf 70' lang='lat' dir='ltr'>lov</span> <span class='ocrx_word' id='word_1_81' title='bbox 383 1661 402 1702; x_wconf 75' lang='grc' dir='ltr'>ε</span> <span class='ocrx_word' id='word_1_82' title='bbox 412 1661 457 1701; x_wconf 76' lang='lat' dir='ltr'>tte</span> <span class='ocrx_word' id='word_1_83' title='bbox 466 1662 486 1699; x_wconf 79' lang='lat' dir='ltr'>a</span> <span class='ocrx_word' id='word_1_84' title='bbox 495 1661 516 1699; x_wconf 75' lang='lat' dir='ltr'>N</span> <span class='ocrx_word' id='word_1_85' title='bbox 527 1662 565 1701; x_wconf 85' lang='lat' dir='ltr'>nt</span> <span class='ocrx_word' id='word_1_86' title='bbox 583 1641 618 1700; x_wconf 82' lang='lat' dir='ltr'>de</span> <span class='ocrx_word' id='word_1_87' title='bbox 626 1641 816 1722; x_wconf 72' lang='lat' dir='ltr'><em>fornicatione</em></span> <span class='ocrx_word' id='word_1_88' title='bbox 830 1643 955 1702; x_wconf 81' lang='lat' dir='ltr'>cavenda</span> <span class='ocrx_word' id='word_1_89' title='bbox 973 1639 1148 1711; x_wconf 77' lang='lat' dir='ltr'>Maronitio,</span> 
     </span>
     <span class='ocr_line' id='line_1_14' title="bbox 308 1715 1150 1805; baseline -0.006 -22"><span class='ocrx_word' id='word_1_90' title='bbox 308 1723 440 1784; x_wconf 81' lang='lat' dir='ltr'>&#39;hortatio</span> <span class='ocrx_word' id='word_1_91' title='bbox 461 1723 504 1782; x_wconf 84' lang='lat' dir='ltr'>ad</span> <span class='ocrx_word' id='word_1_92' title='bbox 521 1724 689 1785; x_wconf 81' lang='lat' dir='ltr'><em>Pudicitiam</em></span> <span class='ocrx_word' id='word_1_93' title='bbox 712 1722 750 1799; x_wconf 65' lang='lat' dir='ltr'>(J</span> <span class='ocrx_word' id='word_1_94' title='bbox 771 1723 957 1805; x_wconf 69' lang='lat' dir='ltr'>Cestianum</span> <span class='ocrx_word' id='word_1_95' title='bbox 979 1723 1026 1784; x_wconf 81' lang='lat' dir='ltr'>cui</span> <span class='ocrx_word' id='word_1_96' title='bbox 1041 1715 1150 1800; x_wconf 69' lang='lat' dir='ltr'>acceffit</span> 
     </span>
     <span class='ocr_line' id='line_1_15' title="bbox 308 1801 1151 1887; baseline -0.008 -21"><span class='ocrx_word' id='word_1_97' title='bbox 308 1801 346 1872; x_wconf 78' lang='lat' dir='ltr'>lo.</span> <span class='ocrx_word' id='word_1_98' title='bbox 370 1803 509 1877; x_wconf 75' lang='lat' dir='ltr'>Brundii&#39;,</span> <span class='ocrx_word' id='word_1_99' title='bbox 528 1806 658 1867; x_wconf 78' lang='lat' dir='ltr'>Gratiani</span> <span class='ocrx_word' id='word_1_100' title='bbox 681 1806 808 1887; x_wconf 80' lang='lat' dir='ltr'>Torrifii‚</span> <span class='ocrx_word' id='word_1_101' title='bbox 833 1807 891 1869; x_wconf 80' lang='lat' dir='ltr'>Soc.</span> <span class='ocrx_word' id='word_1_102' title='bbox 904 1801 970 1887; x_wconf 82' lang='lat' dir='ltr'>Jes</span> <span class='ocrx_word' id='word_1_103' title='bbox 991 1801 1151 1884; x_wconf 76' lang='lat' dir='ltr'>Deteslatio</span> 
     </span>
     <span class='ocr_line' id='line_1_16' title="bbox 308 1879 1086 1971; baseline -0.001 -22"><span class='ocrx_word' id='word_1_104' title='bbox 308 1885 382 1968; x_wconf 71' lang='lat' dir='ltr'>fimi</span> <span class='ocrx_word' id='word_1_105' title='bbox 389 1885 506 1970; x_wconf 72' lang='lat' dir='ltr'>ficietis</span> <span class='ocrx_word' id='word_1_106' title='bbox 524 1890 668 1950; x_wconf 85' lang='lat' dir='ltr'>Onanitici</span> <span class='ocrx_word' id='word_1_107' title='bbox 684 1886 854 1971; x_wconf 81' lang='lat' dir='ltr'>graviffima.</span> <span class='ocrx_word' id='word_1_108' title='bbox 886 1891 981 1950; x_wconf 75' lang='lat' dir='ltr'>Editio</span> <span class='ocrx_word' id='word_1_109' title='bbox 998 1879 1086 1958; x_wconf 77' lang='lat' dir='ltr'>nava&#39;,</span> 
     </span>
     <span class='ocr_line' id='line_1_17' title="bbox 308 1968 1151 2054; baseline -0.007 -22"><span class='ocrx_word' id='word_1_110' title='bbox 308 1968 448 2051; x_wconf 61' lang='grc' dir='ltr'>’.ταφὼν</span> <span class='ocrx_word' id='word_1_111' title='bbox 461 1971 632 2051; x_wconf 72' lang='lat' dir='ltr'>Londinensi</span> <span class='ocrx_word' id='word_1_112' title='bbox 648 1973 775 2033; x_wconf 64' lang='lat' dir='ltr'>carebia.</span> <span class='ocrx_word' id='word_1_113' title='bbox 812 1976 850 2038; x_wconf 65' lang='grc' dir='ltr'>Α</span> <span class='ocrx_word' id='word_1_114' title='bbox 868 1971 957 2054; x_wconf 81' lang='lat'>1698.</span> <span class='ocrx_word' id='word_1_115' title='bbox 977 1971 1011 2034; x_wconf 85' lang='lat' dir='ltr'>in</span> <span class='ocrx_word' id='word_1_116' title='bbox 1024 1974 1053 2040; x_wconf 83' lang='lat'>8.</span> <span class='ocrx_word' id='word_1_117' title='bbox 1093 1968 1151 2026; x_wconf 90' lang='lat' dir='ltr'>Hic</span> 
     </span>
     <span class='ocr_line' id='line_1_18' title="bbox 308 2049 1154 2141; baseline -0.001 -29"><span class='ocrx_word' id='word_1_118' title='bbox 308 2077 311 2112; x_wconf 87' lang='lat'>:</span> <span class='ocrx_word' id='word_1_119' title='bbox 334 2051 442 2114; x_wconf 83' lang='lat' dir='ltr'>alicubi</span> <span class='ocrx_word' id='word_1_120' title='bbox 459 2053 489 2114; x_wconf 90' lang='lat' dir='ltr'>in</span> <span class='ocrx_word' id='word_1_121' title='bbox 512 2055 659 2116; x_wconf 84' lang='lat' dir='ltr'>Germania</span> <span class='ocrx_word' id='word_1_122' title='bbox 682 2053 809 2132; x_wconf 83' lang='lat' dir='ltr'>recusus,</span> <span class='ocrx_word' id='word_1_123' title='bbox 835 2077 921 2141; x_wconf 79' lang='lat' dir='ltr'>pagg.</span> <span class='ocrx_word' id='word_1_124' title='bbox 935 2053 986 2126; x_wconf 87' lang='lat'>68.</span> <span class='ocrx_word' id='word_1_125' title='bbox 1007 2049 1154 2125; x_wconf 73' lang='lat' dir='ltr'>contram,</span> 
     </span>
     <span class='ocr_line' id='line_1_19' title="bbox 320 2129 1152 2223; baseline -0.008 -25"><span class='ocrx_word' id='word_1_126' title='bbox 320 2135 541 2214; x_wconf 66' lang='lat' dir='ltr'>diablintum,</span> <span class='ocrx_word' id='word_1_127' title='bbox 555 2154 587 2199; x_wconf 89' lang='lat' dir='ltr'>ut</span> <span class='ocrx_word' id='word_1_128' title='bbox 599 2136 692 2200; x_wconf 88' lang='lat' dir='ltr'>infine</span> <span class='ocrx_word' id='word_1_129' title='bbox 707 2140 816 2223; x_wconf 86' lang='lat' dir='ltr'>legitu&#39;r,</span> <span class='ocrx_word' id='word_1_130' title='bbox 831 2143 861 2200; x_wconf 88' lang='lat' dir='ltr'>in</span> <span class='ocrx_word' id='word_1_131' title='bbox 874 2129 1152 2217; x_wconf 80' lang='lat' dir='ltr'>arceVindesorieafi,</span> 
     </span>
     <span class='ocr_line' id='line_1_20' title="bbox 308 2219 1152 2303; baseline -0.005 -21"><span class='ocrx_word' id='word_1_132' title='bbox 308 2237 332 2300; x_wconf 82' lang='lat'>3.</span> <span class='ocrx_word' id='word_1_133' title='bbox 373 2223 411 2282; x_wconf 87' lang='lat' dir='ltr'>ln</span> <span class='ocrx_word' id='word_1_134' title='bbox 425 2219 493 2294; x_wconf 89' lang='lat' dir='ltr'>illo,</span> <span class='ocrx_word' id='word_1_135' title='bbox 513 2220 576 2303; x_wconf 87' lang='lat' dir='ltr'>poll</span> <span class='ocrx_word' id='word_1_136' title='bbox 584 2220 796 2284; x_wconf 84' lang='lat' dir='ltr'>Dedicationem</span> <span class='ocrx_word' id='word_1_137' title='bbox 812 2223 848 2284; x_wconf 85' lang='lat' dir='ltr'>ad</span> <span class='ocrx_word' id='word_1_138' title='bbox 861 2220 1027 2284; x_wconf 84' lang='lat' dir='ltr'>Eduardom</span> <span class='ocrx_word' id='word_1_139' title='bbox 1036 2220 1152 2280; x_wconf 85' lang='lat' dir='ltr'>Bernar-</span> 
     </span>
     <span class='ocr_line' id='line_1_21' title="bbox 309 2301 1152 2384; baseline 0 -20"><span class='ocrx_word' id='word_1_140' title='bbox 309 2303 372 2368; x_wconf 80' lang='lat' dir='ltr'>hae</span> <span class='ocrx_word' id='word_1_141' title='bbox 393 2303 497 2384; x_wconf 82' lang='lat' dir='ltr'>legitur</span> <span class='ocrx_word' id='word_1_142' title='bbox 521 2306 763 2367; x_wconf 66' lang='lat' dir='ltr'>Revertamur</span> <span class='ocrx_word' id='word_1_143' title='bbox 789 2305 953 2368; x_wconf 87' lang='lat' dir='ltr'>Palinodia:</span> <span class='ocrx_word' id='word_1_144' title='bbox 994 2306 1014 2338; x_wconf 89' lang='lat'><strong>“</strong></span> <span class='ocrx_word' id='word_1_145' title='bbox 1031 2301 1152 2364; x_wconf 76' lang='lat' dir='ltr'>Inimicit</span> 
     </span>
     <span class='ocr_line' id='line_1_22' title="bbox 308 2385 1153 2472; baseline 0 -26"><span class='ocrx_word' id='word_1_146' title='bbox 308 2386 353 2446; x_wconf 82' lang='lat' dir='ltr'>ml</span> <span class='ocrx_word' id='word_1_147' title='bbox 398 2387 475 2446; x_wconf 90' lang='lat' dir='ltr'>Cum</span> <span class='ocrx_word' id='word_1_148' title='bbox 488 2385 625 2448; x_wconf 86' lang='lat' dir='ltr'>Libellum</span> <span class='ocrx_word' id='word_1_149' title='bbox 639 2411 733 2451; x_wconf 89' lang='lat' dir='ltr'>mcum</span> <span class='ocrx_word' id='word_1_150' title='bbox 746 2389 781 2450; x_wconf 90' lang='lat' dir='ltr'>dc</span> <span class='ocrx_word' id='word_1_151' title='bbox 793 2393 824 2450; x_wconf 91' lang='lat' dir='ltr'>P.</span> <span class='ocrx_word' id='word_1_152' title='bbox 836 2391 873 2450; x_wconf 91' lang='lat'>0.</span> <span class='ocrx_word' id='word_1_153' title='bbox 891 2387 954 2472; x_wconf 89' lang='lat' dir='ltr'>post</span> <span class='ocrx_word' id='word_1_154' title='bbox 968 2389 1047 2449; x_wconf 82' lang='lat' dir='ltr'>xvl.</span> <span class='ocrx_word' id='word_1_155' title='bbox 1062 2405 1153 2447; x_wconf 76' lang='lat' dir='ltr'>annot</span> 
     </span>
     <span class='ocr_line' id='line_1_23' title="bbox 320 2466 1154 2555; baseline -0.004 -25"><span class='ocrx_word' id='word_1_156' title='bbox 320 2467 396 2530; x_wconf 89' lang='lat' dir='ltr'>mihi</span> <span class='ocrx_word' id='word_1_157' title='bbox 409 2466 583 2546; x_wconf 88' lang='lat' dir='ltr'>monstraret,</span> <span class='ocrx_word' id='word_1_158' title='bbox 602 2473 801 2555; x_wconf 76' lang='lat' dir='ltr'>aepraelegeret</span> <span class='ocrx_word' id='word_1_159' title='bbox 807 2475 981 2548; x_wconf 72' lang='lat' dir='ltr'>Gecmanus,</span> <span class='ocrx_word' id='word_1_160' title='bbox 1001 2471 1049 2530; x_wconf 81' lang='lat' dir='ltr'>vix</span> <span class='ocrx_word' id='word_1_161' title='bbox 1062 2471 1154 2549; x_wconf 83' lang='lat' dir='ltr'>expri-</span> 
     </span>
     <span class='ocr_line' id='line_1_24' title="bbox 329 2550 1154 2635; baseline 0 -22"><span class='ocrx_word' id='word_1_162' title='bbox 329 2552 437 2635; x_wconf 88' lang='lat' dir='ltr'>potui,</span> <span class='ocrx_word' id='word_1_163' title='bbox 464 2553 512 2632; x_wconf 85' lang='lat' dir='ltr'>qui</span> <span class='ocrx_word' id='word_1_164' title='bbox 532 2552 630 2615; x_wconf 86' lang='lat' dir='ltr'>fuerim</span> <span class='ocrx_word' id='word_1_165' title='bbox 653 2550 856 2631; x_wconf 78' lang='lat' dir='ltr'>constematus&#39;,</span> <span class='ocrx_word' id='word_1_166' title='bbox 881 2553 960 2635; x_wconf 81' lang='lat' dir='ltr'>quod</span> <span class='ocrx_word' id='word_1_167' title='bbox 978 2552 1154 2634; x_wconf 72' lang='lat' dir='ltr'>scripturiens</span> 
     </span>
     <span class='ocr_line' id='line_1_25' title="bbox 308 2633 1227 2716; baseline -0.002 -20"><span class='ocrx_word' id='word_1_168' title='bbox 308 2633 554 2716; x_wconf 78' lang='lat' dir='ltr'>ostempestatibus</span> <span class='ocrx_word' id='word_1_169' title='bbox 571 2639 638 2699; x_wconf 93' lang='lat' dir='ltr'>olim</span> <span class='ocrx_word' id='word_1_170' title='bbox 646 2639 759 2714; x_wconf 75' lang='lat' dir='ltr'>jailatus</span> <span class='ocrx_word' id='word_1_171' title='bbox 770 2638 862 2699; x_wconf 80' lang='lat' dir='ltr'>essem.</span> <span class='ocrx_word' id='word_1_172' title='bbox 904 2641 1018 2698; x_wconf 88' lang='lat' dir='ltr'>Damno</span> <span class='ocrx_word' id='word_1_173' title='bbox 1033 2636 1154 2696; x_wconf 85' lang='lat' dir='ltr'>calorem</span> <span class='ocrx_word' id='word_1_174' title='bbox 1224 2643 1227 2650; x_wconf 88' lang='lat'>&#39;</span> 
     </span>
     <span class='ocr_line' id='line_1_26' title="bbox 308 2717 1154 2804; baseline -0.001 -25"><span class='ocrx_word' id='word_1_175' title='bbox 308 2717 406 2779; x_wconf 68' lang='lat' dir='ltr'>ovidae</span> <span class='ocrx_word' id='word_1_176' title='bbox 424 2719 497 2779; x_wconf 89' lang='lat' dir='ltr'>illius</span> <span class='ocrx_word' id='word_1_177' title='bbox 510 2720 613 2804; x_wconf 62' lang='lat' dir='ltr'>atatim</span> <span class='ocrx_word' id='word_1_178' title='bbox 643 2721 763 2782; x_wconf 87' lang='lat' dir='ltr'>detestor</span> <span class='ocrx_word' id='word_1_179' title='bbox 778 2722 967 2783; x_wconf 87' lang='lat' dir='ltr'>adulterinum</span> <span class='ocrx_word' id='word_1_180' title='bbox 980 2719 1103 2801; x_wconf 86' lang='lat' dir='ltr'>stylum,</span> <span class='ocrx_word' id='word_1_181' title='bbox 1124 2723 1154 2778; x_wconf 74' lang='grc' dir='ltr'>ὅ(</span> 
     </span>
     <span class='ocr_line' id='line_1_27' title="bbox 308 2799 1152 2884; baseline -0.004 -20"><span class='ocrx_word' id='word_1_182' title='bbox 308 2803 409 2864; x_wconf 73' lang='lat' dir='ltr'>liorem</span> <span class='ocrx_word' id='word_1_183' title='bbox 421 2799 541 2863; x_wconf 87' lang='lat' dir='ltr'>sensum.</span> <span class='ocrx_word' id='word_1_184' title='bbox 584 2805 689 2866; x_wconf 78' lang='lat' dir='ltr'>Gratias</span> <span class='ocrx_word' id='word_1_185' title='bbox 703 2807 780 2880; x_wconf 88' lang='lat' dir='ltr'>Deo,</span> <span class='ocrx_word' id='word_1_186' title='bbox 797 2803 875 2884; x_wconf 90' lang='lat' dir='ltr'>quod</span> <span class='ocrx_word' id='word_1_187' title='bbox 891 2804 1004 2866; x_wconf 87' lang='lat' dir='ltr'>tandem</span> <span class='ocrx_word' id='word_1_188' title='bbox 1017 2805 1152 2878; x_wconf 85' lang='lat' dir='ltr'>velamen,</span> 
     </span>
     <span class='ocr_line' id='line_1_28' title="bbox 308 2883 1153 2963; baseline 0 -17"><span class='ocrx_word' id='word_1_189' title='bbox 308 2883 408 2946; x_wconf 83' lang='lat' dir='ltr'>misere</span> <span class='ocrx_word' id='word_1_190' title='bbox 417 2886 608 2962; x_wconf 79' lang='lat' dir='ltr'>caecutiebam,</span> <span class='ocrx_word' id='word_1_191' title='bbox 628 2887 662 2947; x_wconf 95' lang='lat' dir='ltr'>ab</span> <span class='ocrx_word' id='word_1_192' title='bbox 676 2889 762 2948; x_wconf 76' lang='lat' dir='ltr'>oculis</span> <span class='ocrx_word' id='word_1_193' title='bbox 771 2890 839 2948; x_wconf 82' lang='lat' dir='ltr'>meis</span> <span class='ocrx_word' id='word_1_194' title='bbox 854 2889 1004 2963; x_wconf 84' lang='lat' dir='ltr'>amoverit,</span> <span class='ocrx_word' id='word_1_195' title='bbox 1024 2907 1076 2949; x_wconf 84' lang='lat' dir='ltr'>nec</span> <span class='ocrx_word' id='word_1_196' title='bbox 1087 2886 1153 2946; x_wconf 87' lang='lat' dir='ltr'>five·</span> 
     </span>
     <span class='ocr_line' id='line_1_29' title="bbox 308 2967 1153 3053; baseline -0.002 -23"><span class='ocrx_word' id='word_1_197' title='bbox 308 2989 350 3030; x_wconf 85' lang='lat' dir='ltr'>ne</span> <span class='ocrx_word' id='word_1_198' title='bbox 372 2967 476 3028; x_wconf 83' lang='lat' dir='ltr'>diutius</span> <span class='ocrx_word' id='word_1_199' title='bbox 497 2967 561 3030; x_wconf 88' lang='lat' dir='ltr'>huic</span> <span class='ocrx_word' id='word_1_200' title='bbox 579 2971 732 3049; x_wconf 81' lang='lat' dir='ltr'>pertinacic</span> <span class='ocrx_word' id='word_1_201' title='bbox 751 2972 901 3053; x_wconf 85' lang='lat' dir='ltr'>patrocinia</span> <span class='ocrx_word' id='word_1_202' title='bbox 921 2991 1043 3051; x_wconf 80' lang='lat' dir='ltr'>quaerere</span> <span class='ocrx_word' id='word_1_203' title='bbox 1060 2967 1153 3030; x_wconf 85' lang='lat' dir='ltr'>absur-</span> 
     </span>
     <span class='ocr_line' id='line_1_30' title="bbox 308 3049 1153 3116; baseline 0.001 -4"><span class='ocrx_word' id='word_1_204' title='bbox 308 3073 326 3112; x_wconf 77' lang='grc' dir='ltr'>ι.</span> <span class='ocrx_word' id='word_1_205' title='bbox 371 3049 454 3111; x_wconf 88' lang='lat' dir='ltr'>Idem</span> <span class='ocrx_word' id='word_1_206' title='bbox 474 3051 519 3112; x_wconf 90' lang='lat' dir='ltr'>ille</span> <span class='ocrx_word' id='word_1_207' title='bbox 534 3053 662 3115; x_wconf 86' lang='lat' dir='ltr'>cordium</span> <span class='ocrx_word' id='word_1_208' title='bbox 675 3051 809 3115; x_wconf 86' lang='lat' dir='ltr'>scrutator</span> <span class='ocrx_word' id='word_1_209' title='bbox 830 3057 907 3116; x_wconf 83' lang='lat' dir='ltr'>Deus</span> <span class='ocrx_word' id='word_1_210' title='bbox 925 3052 994 3115; x_wconf 83' lang='lat' dir='ltr'>adeo</span> <span class='ocrx_word' id='word_1_211' title='bbox 1011 3052 1080 3113; x_wconf 80' lang='lat' dir='ltr'>milri</span> <span class='ocrx_word' id='word_1_212' title='bbox 1097 3051 1153 3113; x_wconf 86' lang='lat' dir='ltr'>fuit</span> 
     </span>
     <span class='ocr_line' id='line_1_31' title="bbox 308 3136 1152 3215; baseline -0.002 -19"><span class='ocrx_word' id='word_1_213' title='bbox 308 3137 395 3209; x_wconf 74' lang='lat' dir='ltr'>icius,</span> <span class='ocrx_word' id='word_1_214' title='bbox 420 3155 537 3214; x_wconf 87' lang='lat' dir='ltr'>eamque</span> <span class='ocrx_word' id='word_1_215' title='bbox 557 3136 625 3197; x_wconf 89' lang='lat' dir='ltr'>mihi</span> <span class='ocrx_word' id='word_1_216' title='bbox 645 3154 767 3199; x_wconf 84' lang='lat' dir='ltr'>mentem</span> <span class='ocrx_word' id='word_1_217' title='bbox 790 3137 885 3212; x_wconf 80' lang='lat' dir='ltr'>dedit,</span> <span class='ocrx_word' id='word_1_218' title='bbox 910 3155 942 3198; x_wconf 88' lang='lat' dir='ltr'>ut</span> <span class='ocrx_word' id='word_1_219' title='bbox 960 3140 1069 3209; x_wconf 85' lang='lat' dir='ltr'>omnia,</span> <span class='ocrx_word' id='word_1_220' title='bbox 1090 3154 1152 3215; x_wconf 75' lang='lat' dir='ltr'>quac</span> 
     </span>
     <span class='ocr_line' id='line_1_32' title="bbox 308 3217 1154 3296; baseline 0 -18"><span class='ocrx_word' id='word_1_221' title='bbox 308 3237 354 3278; x_wconf 86' lang='lat' dir='ltr'>toc</span> <span class='ocrx_word' id='word_1_222' title='bbox 379 3225 546 3296; x_wconf 75' lang='lat' dir='ltr'>argumento</span> <span class='ocrx_word' id='word_1_223' title='bbox 566 3217 616 3281; x_wconf 85' lang='lat' dir='ltr'>scri</span> <span class='ocrx_word' id='word_1_224' title='bbox 636 3218 739 3296; x_wconf 81' lang='lat' dir='ltr'>seram,</span> <span class='ocrx_word' id='word_1_225' title='bbox 768 3219 976 3292; x_wconf 83' lang='lat' dir='ltr'>combusserim,</span> <span class='ocrx_word' id='word_1_226' title='bbox 1007 3217 1154 3281; x_wconf 79' lang='lat' dir='ltr'>&amp;Libros</span> 
     </span>
     <span class='ocr_line' id='line_1_33' title="bbox 308 3243 1154 3383; baseline 0.005 -26"><span class='ocrx_word' id='word_1_227' title='bbox 308 3298 442 3380; x_wconf 79' lang='lat' dir='ltr'>restibulis</span> <span class='ocrx_word' id='word_1_228' title='bbox 453 3301 576 3361; x_wconf 81' lang='lat' dir='ltr'>Veterum</span> <span class='ocrx_word' id='word_1_229' title='bbox 588 3243 776 3364; x_wconf 62' lang='lat' dir='ltr'>&#39;allicciorem</span> <span class='ocrx_word' id='word_1_230' title='bbox 786 3307 827 3365; x_wconf 89' lang='lat' dir='ltr'>M.</span> <span class='ocrx_word' id='word_1_231' title='bbox 837 3303 993 3365; x_wconf 81' lang='lat' dir='ltr'>Academiae</span> <span class='ocrx_word' id='word_1_232' title='bbox 1000 3300 1154 3383; x_wconf 82' lang='lat' dir='ltr'>Lugduno·</span> 
     </span>
     <span class='ocr_line' id='line_1_34' title="bbox 308 3382 1154 3468; baseline 0.001 -26"><span class='ocrx_word' id='word_1_233' title='bbox 308 3403 352 3444; x_wconf 76' lang='lat' dir='ltr'>rae</span> <span class='ocrx_word' id='word_1_234' title='bbox 366 3382 572 3445; x_wconf 81' lang='lat' dir='ltr'>trammiserim.</span> <span class='ocrx_word' id='word_1_235' title='bbox 615 3388 696 3468; x_wconf 87' lang='lat' dir='ltr'>Rogo</span> <span class='ocrx_word' id='word_1_236' title='bbox 711 3408 817 3462; x_wconf 83' lang='lat' dir='ltr'>omnes,</span> <span class='ocrx_word' id='word_1_237' title='bbox 835 3390 882 3466; x_wconf 85' lang='lat' dir='ltr'>qui</span> <span class='ocrx_word' id='word_1_238' title='bbox 894 3385 964 3448; x_wconf 88' lang='lat' dir='ltr'>clam</span> <span class='ocrx_word' id='word_1_239' title='bbox 980 3387 1020 3461; x_wconf 86' lang='lat' dir='ltr'>ri,</span> <span class='ocrx_word' id='word_1_240' title='bbox 1033 3385 1078 3443; x_wconf 86' lang='lat' dir='ltr'>vel</span> <span class='ocrx_word' id='word_1_241' title='bbox 1091 3403 1154 3465; x_wconf 85' lang='lat' dir='ltr'>pre·</span> 
     </span>
     <span class='ocr_line' id='line_1_35' title="bbox 308 3465 1155 3549; baseline 0.004 -25"><span class='ocrx_word' id='word_1_242' title='bbox 308 3488 325 3541; x_wconf 77' lang='lat' dir='ltr'>r,</span> <span class='ocrx_word' id='word_1_243' title='bbox 340 3465 448 3544; x_wconf 89' lang='lat' dir='ltr'>aliquid</span> <span class='ocrx_word' id='word_1_244' title='bbox 462 3487 477 3526; x_wconf 82' lang='lat' dir='ltr'>a</span> <span class='ocrx_word' id='word_1_245' title='bbox 489 3487 534 3528; x_wconf 89' lang='lat' dir='ltr'>me</span> <span class='ocrx_word' id='word_1_246' title='bbox 547 3470 684 3549; x_wconf 83' lang='lat' dir='ltr'>poffidcnt</span> <span class='ocrx_word' id='word_1_247' title='bbox 696 3472 772 3544; x_wconf 60' lang='lat' dir='ltr'>MS„</span> <span class='ocrx_word' id='word_1_248' title='bbox 789 3491 821 3531; x_wconf 89' lang='lat' dir='ltr'>ut</span> <span class='ocrx_word' id='word_1_249' title='bbox 835 3470 908 3530; x_wconf 84' lang='lat' dir='ltr'>illud</span> <span class='ocrx_word' id='word_1_250' title='bbox 923 3466 992 3528; x_wconf 92' lang='lat' dir='ltr'>mihi</span> <span class='ocrx_word' id='word_1_251' title='bbox 1005 3467 1155 3544; x_wconf 84' lang='lat' dir='ltr'>remittant,</span> 
     </span>
     <span class='ocr_line' id='line_1_36' title="bbox 308 3545 1157 3634; baseline 0.002 -26"><span class='ocrx_word' id='word_1_252' title='bbox 308 3571 315 3608; x_wconf 73' lang='lat' dir='ltr'>s</span> <span class='ocrx_word' id='word_1_253' title='bbox 330 3545 387 3629; x_wconf 86' lang='lat' dir='ltr'>ipse</span> <span class='ocrx_word' id='word_1_254' title='bbox 396 3569 509 3628; x_wconf 86' lang='lat' dir='ltr'>qnoque</span> <span class='ocrx_word' id='word_1_255' title='bbox 522 3553 629 3613; x_wconf 87' lang='lat' dir='ltr'>tradam</span> <span class='ocrx_word' id='word_1_256' title='bbox 636 3554 773 3615; x_wconf 82' lang='lat' dir='ltr'>Vulcano.</span> <span class='ocrx_word' id='word_1_257' title='bbox 818 3552 904 3634; x_wconf 78' lang='lat' dir='ltr'>Qtod</span> <span class='ocrx_word' id='word_1_258' title='bbox 917 3549 938 3611; x_wconf 86' lang='lat' dir='ltr'>fi</span> <span class='ocrx_word' id='word_1_259' title='bbox 950 3552 1010 3630; x_wconf 86' lang='lat' dir='ltr'>quis</span> <span class='ocrx_word' id='word_1_260' title='bbox 1024 3552 1157 3633; x_wconf 73' lang='lat' dir='ltr'>negligat,</span> 
     </span>
     <span class='ocr_line' id='line_1_37' title="bbox 311 3634 1158 3718; baseline 0.005 -26"><span class='ocrx_word' id='word_1_261' title='bbox 311 3651 410 3692; x_wconf 86' lang='lat' dir='ltr'>omnes</span> <span class='ocrx_word' id='word_1_262' title='bbox 431 3634 570 3714; x_wconf 84' lang='lat' dir='ltr'>imprecor</span> <span class='ocrx_word' id='word_1_263' title='bbox 590 3638 766 3709; x_wconf 82' lang='lat' dir='ltr'>calamitates,</span> <span class='ocrx_word' id='word_1_264' title='bbox 788 3637 989 3718; x_wconf 81' lang='lat' dir='ltr'>quaemaligno</span> <span class='ocrx_word' id='word_1_265' title='bbox 1007 3635 1158 3716; x_wconf 82' lang='lat' dir='ltr'>&amp;perdito</span> 
     </span>
    </p>
   </div>
   <div class='ocr_carea' id='block_1_5' title="bbox 308 3716 1284 3803">
    <p class='ocr_par' dir='ltr' id='par_1_5' title="bbox 308 3716 1284 3803">
     <span class='ocr_line' id='line_1_38' title="bbox 308 3716 1284 3803; baseline 0.007 -29"><span class='ocrx_word' id='word_1_266' title='bbox 308 3731 339 3774; x_wconf 85' lang='lat' dir='ltr'>nt</span> <span class='ocrx_word' id='word_1_267' title='bbox 354 3716 524 3798; x_wconf 87' lang='lat' dir='ltr'>contingere.</span> <span class='ocrx_word' id='word_1_268' title='bbox 568 3720 634 3779; x_wconf 67' lang='lat' dir='ltr'>llaec</span> <span class='ocrx_word' id='word_1_269' title='bbox 655 3720 740 3780; x_wconf 85' lang='lat' dir='ltr'>vestra</span> <span class='ocrx_word' id='word_1_270' title='bbox 762 3722 891 3780; x_wconf 87' lang='lat' dir='ltr'>intererat</span> <span class='ocrx_word' id='word_1_271' title='bbox 907 3741 966 3782; x_wconf 87' lang='lat' dir='ltr'>non</span> <span class='ocrx_word' id='word_1_272' title='bbox 983 3720 1120 3803; x_wconf 81' lang='lat' dir='ltr'>ignorare.</span> <span class='ocrx_word' id='word_1_273' title='bbox 1143 3765 1161 3794; x_wconf 86' lang='lat'><strong>„</strong></span> <span class='ocrx_word' id='word_1_274' title='bbox 1280 3716 1284 3730; x_wconf 79' lang='grc'>’</span> 
     </span>
    </p>
   </div>
   <div class='ocr_carea' id='block_1_6' title="bbox 308 3796 1172 4051">
    <p class='ocr_par' dir='ltr' id='par_1_6' title="bbox 308 3796 1172 4051">
     <span class='ocr_line' id='line_1_39' title="bbox 308 3796 1161 3886; baseline 0.005 -29"><span class='ocrx_word' id='word_1_275' title='bbox 308 3796 363 3857; x_wconf 88' lang='lat' dir='ltr'>imt</span> <span class='ocrx_word' id='word_1_276' title='bbox 387 3799 468 3858; x_wconf 87' lang='lat' dir='ltr'>etiam</span> <span class='ocrx_word' id='word_1_277' title='bbox 485 3798 639 3862; x_wconf 87' lang='lat' dir='ltr'>hodienum</span> <span class='ocrx_word' id='word_1_278' title='bbox 660 3804 690 3863; x_wconf 91' lang='lat' dir='ltr'>in</span> <span class='ocrx_word' id='word_1_279' title='bbox 704 3801 871 3868; x_wconf 87' lang='lat' dir='ltr'>Bibliotheca</span> <span class='ocrx_word' id='word_1_280' title='bbox 886 3804 995 3884; x_wconf 87' lang='lat' dir='ltr'>publica</span> <span class='ocrx_word' id='word_1_281' title='bbox 1008 3802 1161 3886; x_wconf 77' lang='lat' dir='ltr'>Lugrluno·</span> 
     </span>
     <span class='ocr_line' id='line_1_40' title="bbox 308 3881 1172 4051; baseline 0.005 -110"><span class='ocrx_word' id='word_1_282' title='bbox 308 3903 312 3941; x_wconf 87' lang='grc' dir='ltr'>ι</span> <span class='ocrx_word' id='word_1_283' title='bbox 333 3881 498 3944; x_wconf 75' lang='lat' dir='ltr'>Beverlandi</span> <span class='ocrx_word' id='word_1_284' title='bbox 516 3883 551 3944; x_wconf 83' lang='lat' dir='ltr'>de</span> <span class='ocrx_word' id='word_1_285' title='bbox 562 3883 722 3983; x_wconf 64' lang='lat' dir='ltr'>Pristilult‘s</span> <span class='ocrx_word' id='word_1_286' title='bbox 740 3886 865 4051; x_wconf 47' lang='lat' dir='ltr'>Vitez‘m</span> <span class='ocrx_word' id='word_1_287' title='bbox 877 3889 996 3971; x_wconf 76' lang='lat' dir='ltr'>Scripta,</span> <span class='ocrx_word' id='word_1_288' title='bbox 1021 3906 1082 3966; x_wconf 73' lang='lat' dir='ltr'>quae</span> <span class='ocrx_word' id='word_1_289' title='bbox 1102 3904 1172 4028; x_wconf 66' lang='lat' dir='ltr'>callill</span> 
     </span>
    </p>
   </div>
   <div class='ocr_carea' id='block_1_7' title="bbox 0 0 1627 4709">
    <p class='ocr_par' dir='ltr' id='par_1_7' title="bbox 0 0 1627 4709">
     <span class='ocr_line' id='line_1_41' title="bbox 0 0 1627 4709; baseline 0 0"><span class='ocrx_word' id='word_1_290' title='bbox 0 0 1627 4709; x_wconf 95' lang='lat' dir='ltr'> </span> 
     </span>
    </p>
   </div>
  </div>
 </body>
</html>
