3242 4709
582 476 998 586 hunolt

333 669 347 702 a
364 665 413 730 h
432 709 451 742 „
494 660 669 727 Recensetur
681 661 743 725 satis
756 662 869 746 copiose
888 666 920 728 in
934 669 1010 731 Ano
1021 671 1163 737 Eraclitor.
1179 694 1267 761 1710.

336 748 525 910 Nlloiille
548 827 612 905 del
627 829 885 906 Brunrrto.
920 835 962 908 In
976 837 1087 914 Lutea
1105 841 1226 940 prelio
1239 841 1268 919 il

342 933 496 1034 Mago,
521 953 632 1046 3554.
657 931 839 1045 Partetre,
853 931 933 1027 in4
968 937 1019 1014 La
1033 960 1267 1043 quartaparte

338 1029 481 1140 hrpato
512 1059 553 1108 m
570 1035 675 1108 L'tone
696 1055 767 1134 per
780 1031 805 1108 rl
821 1034 985 1132 Matfili,
1014 1062 1120 1132 1573.
1142 1041 1182 1116 in
1198 1058 1231 1129 8.

361 1137 425 1200 lna
437 1141 470 1200 in
484 1133 549 1218 ipso
558 1135 637 1196 ltalia
649 1131 806 1197 admodum
815 1156 900 1197 rarus.
940 1143 959 1174 “
976 1141 1025 1199 Ma
1038 1141 1064 1200 la
1081 1159 1177 1221 quarta
1189 1159 1268 1224 parte

339 1217 354 1252 ⁸
369 1217 441 1284 nelle
453 1221 600 1300 stampata
614 1222 645 1277 in
658 1217 743 1277 Litme
755 1239 771 1278 e
783 1239 869 1279 autor
882 1220 931 1300 piu
947 1220 1058 1282 difficile
1071 1245 1086 1282 a
1100 1224 1223 1286 trotarli.
1248 1272 1267 1302 „

342 1299 382 1364 vo
387 1305 481 1390 llaytrr
494 1301 551 1364 Lc.
570 1323 598 1382 p.
610 1316 677 1380 177.
720 1300 805 1363 Conll
819 1305 866 1383 Jo.
880 1302 947 1364 Chr.
962 1305 1075 1368 Gor-een
1088 1305 1265 1370 Merkwrltd.

339 1383 472 1452 bDrrrd.
487 1383 629 1447 Bibliorh.
650 1383 686 1442 T.
696 1385 717 1444 l.
735 1405 762 1466 p.
772 1401 822 1466 79.
833 1383 894 1466 sqq.

361 1489 445 1567 Bru
456 1514 589 1579 mter,
621 1483 781 1584 Tlteologt'
795 1485 973 1580 dodisfimi
993 1487 1042 1570 όν
1052 1489 1268 1590 pervetusti,

330 1587 524 1669 intentior.
543 1585 649 1664 Libri
662 1589 727 1662 lV.
750 1588 788 1662 in
803 1589 933 1689 quibus
947 1589 1118 1670 universe
1131 1595 1172 1670 T
1172 1594 1267 1668 heo-

326 1687 408 1796 logiae
431 1691 608 1780 summa,
638 1713 680 1764 ac
708 1686 795 1766 fidei
826 1689 957 1764 nostre
985 1693 1267 1794 Compendium

327 1816 411 1896 pure,
426 1791 706 1894 simpliciterne
720 1790 935 1867 metltodice
950 1792 1142 1879 uallatum
1164 1822 1268 1872 nunc

324 1896 420 1974 multo
440 1917 565 1998 quam
581 1913 666 1967 aute
686 1890 884 1968 concilius
901 1891 989 1970 editi
1015 1893 1060 1970 ad
1074 1895 1268 1975 utilitatem

324 1999 479 2076 omnium
502 1992 706 2072 christiana¹
726 1993 869 2096 pietatis
899 1994 1153 2072 studiosorum.
1205 2003 1267 2076 Lo-

321 2101 423 2186 venii,
447 2123 509 2200 ap.
530 2099 682 2174 Petrum
698 2095 902 2180 Colinaeum,
923 2095 961 2172 in
979 2111 1012 2182 8.
1042 2122 1101 2198 pp.
1117 2125 1203 2192 412.

363 2199 528 2264 Obscurum
553 2197 667 2278 quidem
687 2197 807 2260 Barnliui
820 2219 926 2261 nornen
947 2197 1003 2272 ell3
1027 2202 1156 2262 maxima
1174 2216 1270 2266 tamen

319 2282 435 2348 tlelrbro
452 2287 517 2364 ejus
533 2278 655 2342 subortae
667 2277 732 2340 l'unt
747 2280 960 2363 disputationes,
974 2299 1069 2342 utrum
1084 2305 1186 2364 nempe
1201 2286 1271 2344 llan-

321 2366 389 2434 tlnm
401 2373 525 2430 Petrum
534 2363 728 2426 lombardum
743 2364 921 2447 exscripserit,
935 2387 972 2427 au
980 2369 1075 2428 Petrus
1090 2366 1272 2428 Bondinurn!

319 2455 400 2536 Quam
413 2455 498 2514 litem
520 2449 632 2531 prolixe
652 2447 781 2530 ogitatam
803 2470 875 2532 agre
900 2445 997 2509 definit
1017 2453 1073 2530 Jac.
1089 2447 1273 2522 'l'lromasrus,

318 2539 360 2618 qul
380 2534 441 2598 ful'e
462 2555 495 2596 ac
511 2530 622 2594 erudite
642 2529 678 2590 de
691 2545 749 2591 tota
761 2531 811 2591 lrac
827 2529 1010 2594 contrtwerlia
1030 2530 1133 2591 differit
1153 2534 1183 2592 in
1201 2529 1273 2591 Diss.

318 2621 349 2679 de
362 2621 460 2700 Plagio
475 2619 618 2680 Litterar.
643 2614 666 2689 §.
675 2629 743 2694 493.
760 2612 819 2694 sqq.
862 2618 944 2676 Certe
958 2613 1078 2674 Bandini
1093 2614 1176 2675 Liber·
1189 2612 1272 2674 infre·

386 2701 499 2765 tiffitnis
526 2697 567 2757 est
587 2694 814 2776 infrequentior,
839 2714 975 2778 tantaque
998 2698 1134 2772 territatio,
1158 2713 1273 2758 utnon

347 2807 370 2848 ue
382 2783 464 2847 rausa
479 2781 653 2854 existimem,
673 2781 757 2840 Viros
769 2781 939 2860 ceteroquin
953 2779 1129 2854 doilitlnnos,
1145 2781 1274 2841 Lamber-

327 2883 374 2928 unr
393 2871 555 2938 Danaum,
579 2862 649 2924 Phil.
666 2861 825 2938 Labbeurn,
848 2864 922 2925 Guil.
943 2865 1083 2938 Caveunr,
1107 2863 1274 2927 Cafitnirutn

325 2953 482 3026 connum,
506 2951 535 3008 ἅ
545 2948 627 3020 alios,
642 2947 690 3025 qui
704 2948 747 3006 uel
763 2963 858 3009 contra
868 2945 1060 3007 Lotnbordutn
1073 2968 1124 3030 pro
1135 2947 1275 3020 Bandiuo,

321 3037 361 3096 tel
375 3053 476 3096 eontra
494 3029 654 3092 Bandinum
669 3050 720 3110 pro
731 3029 891 3092 rainbaldo
905 3032 1135 3110 proturutiarunt,
1155 3030 1277 3091 Bandini

320 3119 433 3180 Librum
450 3115 540 3177 oculis
556 3132 701 3192 nunquam
717 3110 864 3194 usurpasse.
904 3113 1070 3194 Exemplar,
1086 3135 1121 3174 ex
1134 3133 1193 3193 quo
1209 3113 1280 3172 titu-

320 3202 377 3264 lum
400 3195 615 3279 dcl'cripfitnus,
637 3193 691 3256 fuit
714 3198 781 3256 olitn
799 3197 829 3256 in
853 3193 1020 3258 Bibliotheca
1040 3200 1085 3277 Jo.
1099 3195 1279 3269 Diecmanni.

320 3289 421 3350 Annus
435 3279 627 3364 imprelliouis
642 3279 672 3340 in
686 3281 766 3340 titulo
783 3279 896 3357 quidun
912 3300 973 3340 uon
987 3277 1026 3338 est·
1035 3277 1192 3359 expressus,
1212 3275 1281 3338 hinc

323 3369 483 3430 dubitamus
499 3364 583 3426 etiam
606 3377 698 3422 extare
712 3361 862 3435 editiorteS,
880 3383 941 3442 quie
956 3362 1071 3421 Loerrm'i
1089 3375 1177 3440 1555.
1202 3360 1281 3420 itern-

324 3473 375 3532 que
393 3467 484 3530 1557.
509 3449 540 3508 in
553 3446 633 3506 titulo
645 3462 765 3586 perant,
788 3461 818 3504 ut
835 3445 937 3526 legitur·
957 3445 988 3502 in
1006 3444 1043 3500 V.
1057 3443 1089 3501 C.
1110 3442 1181 3503 Lud.
1194 3443 1282 3504 Mart.

326 3534 415 3596 lialrlii
436 3527 645 3592 Bibliotheca?
663 3527 809 3608 ilusiplrico
827 3531 964 3588 Struriun.
987 3525 1024 3582 T.
1032 3526 1052 3583 l.
1067 3543 1095 3604 p.
1103 3531 1173 3603 48.:
1201 3542 1229 3587 at
1247 3547 1283 3587 ex

328 3617 476 3696 l’rlrilegio
490 3613 579 3695 regio,
592 3609 669 3690 quod
681 3609 773 3671 editor
784 3609 910 3690 praefixit,
928 3622 1047 3688 apparet,
1061 3607 1130 3666 illud
1146 3613 1182 3674 Α.
1192 3625 1284 3689 1555.

327 3697 403 3760 foill'e
420 3693 572 3770 excusum,
595 3693 748 3772 &quidem
767 3693 847 3769 juxta
859 3693 1025 3762 editionem,
1045 3709 1129 3768 quarn
1145 3695 1182 3754 A.
1197 3701 1284 3770 1518.

331 3781 470 3842 eCodice
489 3781 574 3840 MSto
596 3773 757 3838 llledlieensr
780 3777 885 3836 curarit
904 3772 1068 3845 teredines
1086 3774 1286 3846 Chelidonius,

332 3865 428 3947 A'bbas
443 3863 577 3944 Υἰειὶηπ.Ι
612 3863 682 3946 Qut
696 3857 780 3924 editio
796 3857 850 3922 l‘uit
867 3861 903 4002 iq
916 3854 1084 3924 Bibliotheca
1101 3857 1289 3994 Gtibueripup

922 3958 944 4004 2
1253 3984 1258 3996 .
1280 3981 1287 3994 .
