3242 4709
393 415 1208 674 antonntn

510 753 830 841 tns‘rotuco
844 801 866 862 ·.
879 717 1114 884 omnen

781 967 847 1025 DE

338 1098 768 1209 nnnffntn
837 1022 1353 1222 Ltssn'onvit.'

365 1649 369 1658 ¹
439 1471 771 1636 monn
813 1507 1172 1651 anoton.
1361 1499 1365 1506 ⁵

335 1737 361 1821 1.
476 1737 544 1819 ari
567 1735 609 1836 &
633 1737 809 1818 rariores
835 1732 955 1822 Libri
975 1734 1066 1825 sunt
1089 1737 1177 1841 illi,
1215 1742 1289 1853 qui

495 1850 637 1930 minus
646 1842 884 1957 frequentet
901 1872 1137 1953 occurrunt,
1152 1876 1288 1965 apau-

333 1956 501 2045 ciffimis
526 1955 717 2042 manibus
743 1979 957 2059 teruntur,
987 1966 1160 2049 inventu
1182 1987 1289 2076 quo·

333 2097 411 2188 que
434 2074 480 2158 δι
499 2091 646 2183 paratu
668 2066 759 2155 sunt
773 2066 1051 2185 perdifficiles.

381 2260 850 2353 ·11.RarimsLtbrorum
865 2226 1289 2355 nonunaesteatiem·
1376 2325 1378 2329 ι

332 2397 442 2489 quet
494 2374 646 2460 dantur
681 2371 766 2487 ejus
792 2390 954 2487 gradus:
993 2376 1199 2469 hientber
1231 2378 1289 2467 est

332 2525 455 2584 rarus,
482 2484 556 2571 ille
577 2498 717 2593 rarior,
740 2486 814 2576 iste
835 2500 1033 2599 rariffimus.

380 2645 447 2711 Vir
479 2636 684 2711 Clariffimus
710 2643 840 2712 Samuel
861 2646 1027 2729 Enont,
1041 2626 1094 2729 'in
1120 2628 1289 2741 Republica
1319 2669 1324 2676 ·

381 2743 682 2836 Helvetoflemnss
692 2739 956 2815 Bibliothecarius
963 2750 1164 2845 primarius,
1183 2744 1288 2813 Axio·
1324 2809 1331 2822 ‚
1346 2817 1348 2823 ,

379 2868 471 2916 mata
492 2839 605 2914 nostra
629 2843 670 2913 de
685 2845 818 2916 raritate
836 2845 1006 2917 librorum
1028 2846 1163 2939 egregie
1185 2842 1289 2915 ctibo·
1354 2869 1367 2900 ⁴

383 2950 454 3027 vit,
483 2946 518 3016 ἃ
534 2940 729 3016 dofflffitnis
741 2940 809 3017 suis
826 2941 1115 3019 observationibus
1131 2942 1289 3016 illustrata

384 3048 499 3120 denuo
534 3046 640 3118 edidit
671 3048 708 3120 in
736 3046 857 3121 limine
888 3049 1031 3149 catalogi
1055 3044 1229 3119 Librorum
1253 3053 1289 3116 in

382 3155 472 3222 oms·
485 3174 607 3249 genere
629 3148 885 3241 rartffimorum‚
911 3174 953 3223 ex
975 3174 1043 3248 quo
1067 3148 1194 3222 additas
1219 3146 1289 3243 ejus

385 3251 623 3323 annotationes
643 3246 834 3348 adjeiiaque
854 3276 945 3325 novo
964 3252 1097 3325 criteria
1115 3251 1173 3321 hic
1194 3272 1290 3347 repe·

385 3377 459 3426 tete
477 3350 573 3424 libet.
627 3354 679 3423 Ita
698 3374 811 3425 autem
829 3354 870 3425 ad
891 3358 935 3425 ΙΙ.
959 3355 1097 3425 Axiom.
1118 3373 1290 3421 commen-

385 3478 498 3526 tatur:
537 3456 627 3524 Cum
639 3448 712 3526 fere
732 3477 785 3526 tot
798 3453 921 3550 gradus
940 3450 1004 3527 fint
1024 3452 1186 3533 raritatis,‘
1205 3471 1290 3548 quot

387 3555 469 3627 fibri
487 3555 582 3639 rari3
613 3553 692 3653 plus
721 3553 830 3627 tribus
855 3551 1102 3628 enumerandos
1123 3547 1187 3625 effe
1215 3577 1291 3626 cene

387 3651 507 3730 sentus.
564 3656 799 3754 Qtamobtem
827 3658 981 3729 addimus
1004 3663 1151 3759 primum
1176 3650 1289 3725 Celeb.

388 3760 607 3841 Heumanni,
633 3759 773 3830 illorum
789 3758 968 3841 librorum,
989 3759 1049 3856 qui
1065 3759 1126 3829 vix
1142 3758 1179 3828 in
1195 3755 1292 3851 qoin-

387 3857 571 3955 gentefima
608 3859 817 3939 Bibliotheca
855 3862 1101 3961 reperiuntur,
1136 3855 1171 3927 ἃ
1205 3877 1292 3952 quos

411 4019 414 4024 .
1108 3976 1292 4057 propterea
