3242 4709
611 488 1047 594 debut&

351 681 389 747 jra
404 674 507 751 iudicat
526 675 584 736 Mc.
597 676 703 758 Bayle:
744 676 763 710 “
783 674 864 737 C’est
876 695 917 737 un
931 662 1029 738 Traiitc'
1050 671 1086 737 de
1097 676 1213 740 Morolc

352 765 371 794 “
394 776 508 842 rement
528 756 643 842 digerc',
667 778 712 820 car
733 778 773 819 on
792 778 817 842 y
841 757 946 841 expose‘
962 760 988 819 la
1004 774 1102 822 natiue
1121 756 1220 824 'decri

351 847 370 878 “
392 842 440 903 dea
459 845 563 904 Vertue
588 840 652 903 sous
672 842 690 902 1·
698 841 836 902 embleme
857 842 908 903 des
931 841 1144 904 Constellotions

351 930 369 962 “
390 923 523 987 Chulle'cc
545 925 584 986 du
606 923 764 985 firmament
786 945 860 1007 pour
883 925 951 985 faire
971 926 1049 1008 ploce
1069 925 1136 987 ode
1156 945 1220 990 nou

349 1014 369 1045 ¹‘
390 1006 555 1084 allerismco,
586 1009 634 1088 qui
658 1005 846 1090 representem
865 1010 891 1070 la
914 1010 1018 1085 verite,
1043 1007 1195 1086 labente,
1214 1041 1220 1072 ι

351 1093 500 1154 &Audet
514 1096 688 1171 Anonymus
710 1090 789 1152 Libri
803 1093 935 1174 Anglici,
959 1089 1124 1172 Disiourses
1142 1099 1220 1156 conci

349 1176 395 1239 ebe
415 1169 572 1257 everbleffed
592 1174 721 1253 Trinity,
745 1175 866 1235 Londini
890 1193 977 1255 1720.
1001 1177 1030 1235 in
1044 1180 1071 1245 8.
1095 1174 1178 1251 editi,
1197 1187 1220 1264 pl

350 1278 402 1322 not
417 1258 513 1333 docet,
536 1255 654 1318 Librum
669 1256 778 1338 ipsum,
799 1279 960 1339 quanquam
973 1258 1099 1320 videatur
1121 1279 1220 1330 comm

348 1343 427 1417 bilis,
452 1339 532 1422 quod
549 1339 628 1401 Cleri
648 1342 769 1401 Romani
792 1342 857 1401 vicia
878 1343 1013 1402 acerrime
1034 1340 1171 1424 castiget,
1204 1363 1220 1406 u

348 1443 442 1487 tamen
456 1426 587 1505 Satyrum
598 1422 990 1484 EnthufiasticoAtbeisticarn
1008 1424 1074 1496 else,
1104 1445 1168 1505 quae
1187 1447 1220 1494 or

348 1510 466 1572 Cultum
482 1508 550 1590 Dei,
566 1507 781 1589 Religionesquc
796 1526 976 1588 quascunque
990 1505 1159 1590 proscindat.
1200 1509 1220 1594 J

346 1594 425 1655 enirn
447 1589 502 1666 ibi,
526 1591 677 1666 Momum,
706 1591 734 1650 dc
756 1588 985 1652 Constcllatlones
1006 1592 1126 1652 invicem
1147 1590 1220 1674 serm

347 1678 375 1738 dc
391 1672 501 1737 consilia
512 1670 641 1746 miscere,
665 1676 737 1755 Jove
753 1672 869 1753 quidem
882 1690 1089 1754 conquerente,
1112 1664 1191 1756 qudd
1207 1697 1220 1744 c

345 1762 474 1822 Deorum
480 1757 581 1818 Cultus
594 1755 670 1837 apud
681 1758 810 1820 mortales
823 1756 982 1818 intercidat:
1006 1760 1110 1820 Momo
1118 1760 1220 1842 culpor

344 1844 376 1906 in
391 1843 519 1904 Deorum
535 1859 662 1912 amores,
683 1843 710 1901 ἃ
732 1840 875 1921 regiminis
895 1861 993 1918 eorum
1014 1839 1220 1923 perversitatem

344 1927 449 1999 ciente,
471 1922 636 2067 Menippo
648 1923 913 1985 Constellationibus
930 1923 1159 2003 decernentibus,
1176 1927 1219 1988 Re

344 2030 397 2072 nes
421 2026 520 2070 omnes
541 2028 579 2089 po
624 2026 655 2067 ac
675 2006 846 2082 abolendae,
873 2005 1130 2089 substituendosque
1148 2011 1220 2076 ine

343 2095 439 2154 locum
458 2092 573 2153 virtutes
585 2091 710 2152 morales.
743 2089 829 2151 Conf.
844 2091 916 2151 Acta
929 2092 1068 2151 Eruditor.
1087 2106 1176 2171 1721.
1190 2113 1220 2174 pr

343 2176 425 2237 Idem
444 2171 591 2236 confirmet
612 2177 640 2235 dc
660 2175 758 2236 clarius
777 2176 896 2255 exponit
917 2173 960 2238 Cl.
982 2176 1128 2253 Boyerus,
1155 2173 1220 2248 serit

343 2264 363 2294 “
383 2256 547 2319 Perlustrovi
558 2258 698 2319 Libellum
721 2255 955 2338 &obstupescere
967 2259 1040 2338 coepi
1059 2257 1095 2317 ad
1107 2259 1209 2338 verba,

344 2348 364 2381 “
383 2341 436 2403 bur
448 2340 526 2400 Fidei
540 2339 702 2403 Christiane
715 2339 802 2402 verba
815 2341 890 2401 ridet
902 2343 953 2416 dcc.
978 2385 996 2415 „
1037 2341 1151 2421 Reliqua
1164 2343 1220 2428 lega

341 2424 419 2507 apud
426 2422 517 2505 ipsum
524 2426 680 2505 Bayerum,
700 2425 749 2505 qui
758 2443 864 2507 magno
879 2423 1042 2485 eruditionis
1050 2423 1184 2505 adparatu
1200 2425 1220 2490 d

281 2577 284 2583 .
341 2511 390 2592 pio
409 2507 582 2589 hocScripto
605 2510 662 2590 agit
681 2508 711 2568 in
725 2509 841 2568 Moror.
857 2505 958 2587 Histor.
977 2508 1047 2567 crit.
1071 2508 1178 2570 Libror.
1191 2532 1220 2572 ra

340 2608 486 2676 pag-219.
502 2588 561 2671 sqq.
604 2592 676 2676 Satis¹
688 2588 797 2672 copiose
812 2592 895 2651 etiam
919 2589 954 2651 de
971 2588 1103 2651 rariffimo
1116 2590 1171 2655 boc
1183 2593 1220 2655 Ll

339 2690 566 2736 commentantur
572 2676 629 2734 Mc.
639 2675 763 2736 laCroze
770 2675 929 2734 Ereti-etiem
936 2670 992 2753 fier·
1000 2675 1093 2734 divers
1094 2673 1220 2760 firjetsp

340 2759 369 2820 dt
384 2757 429 2817 Cl.
443 2759 628 2818 Heumannus
651 2759 680 2818 in
695 2758 770 2817 Acris
784 2754 936 2836 Philofhph.
958 2758 1043 2816 Tom.
1054 2756 1086 2817 ll}
1107 2780 1135 2839 p.
1146 2778 1219 2842 404

339 2842 483 2902 Caetcrum
505 2840 624 2899 Londini
648 2839 763 2900 Librum
785 2838 861 2900 hunc
881 2838 1001 2923 Jordani
1024 2842 1099 2922 typis
1121 2844 1220 2906 iterur!

337 2921 472 3005 scriptum
493 2919 573 2981 firiffe
594 2926 630 2983 A.
649 2940 737 3004 1713.
758 2924 788 2982 in
805 2931 833 2994 8.
864 2922 948 2983 refert
968 2927 1068 2984 Vener.
1091 2926 1139 3006 Jo.
1159 2927 1220 2988 Alb

338 3006 440 3067 bricius
458 3005 489 3065 in
504 3004 619 3067 Deleda
633 3008 795 3085 Argument.
811 3003 849 3080 (γ’
860 3005 956 3084 Sylab.
973 3007 1105 3085 Scriptor.
1121 3010 1155 3067 de
1172 3011 1220 3071 Ver

339 3091 374 3151 R.
387 3089 417 3151 C.
443 3109 471 3172 p.
485 3102 579 3169 475..
596 3088 630 3147 ld
652 3086 731 3169 quod
751 3086 786 3148 de
804 3088 940 3149 Vcrsrone
957 3091 1112 3173 Anglicona
1134 3091 1220 3156 intelli

234 3217 236 3222 .
338 3172 407 3234 dum
429 3170 492 3245 est,
516 3191 601 3251 quarn
622 3175 668 3255 Jo.
687 3171 834 3232 Tolandus
855 3172 942 3232 edidit
966 3171 1016 3234 sub
1036 3173 1140 3234 titulo:
1176 3174 1220 3256 Spa

336 3258 408 3317 dello
420 3252 509 3334 Beffia
522 3254 692 3335 trionfirnte,
715 3275 747 3314 or
766 3256 811 3315 the
832 3253 979 3334 Expulfim
1002 3278 1016 3316 o
1053 3256 1099 3316 the
1114 3258 1220 3340 triump

337 3335 438 3418 Beastr
467 3337 629 3399 translated
643 3337 723 3417 from
747 3337 917 3399 thescelina
938 3336 977 3419 of
1017 3340 1121 3399 ordano
1142 3341 1220 3404 Bur

335 3421 468 3495 london,
483 3420 597 3501 printed
618 3437 705 3499 1713.
729 3422 759 3480 in
781 3428 807 3491 8.
832 3424 895 3494 maj.
920 3427 969 3501 pp.
983 3431 1054 3494 280.
1093 3421 1147 3482 Sed
1169 3445 1210 3486 ne

335 3499 425 3564 sceret
436 3503 537 3579 Liber,
558 3505 719 3566 &raritatis
740 3505 861 3586 pretium
883 3506 1033 3580 amitteret,
1056 3505 1215 3585 paucillnna

334 3600 396 3646 tum
416 3587 543 3669 exempla
565 3586 682 3649 describi
701 3588 812 3648 curavit.
843 3587 908 3648 Vid.
929 3588 955 3648 S.
971 3588 1220 3654 nernesheim

334 3665 535 3729 Commentario
553 3672 588 3731 de
596 3667 651 3748 -Jn
669 3671 790 3731 Tolando
812 3689 866 3753 pt
892 3687 920 3751 3.

339 3848 347 3865 .
382 3751 444 3825 De
457 3749 633 3865 l’inlinito
648 3751 845 3846 Universo‚
913 3750 1057 3830 Mondi.
1094 3755 1220 3862 Stamp

332 3876 370 3928 m
389 3852 543 3930 Venezta
575 3868 683 3948 1584,
705 3852 746 3932 in
765 3867 811 3944 8.·
