3242 4709
617 481 1030 586 ἣέόὸδὲ

351 672 412 733 P.l.
426 691 453 752 p.
464 685 533 752 574.
550 668 605 731 hoc
620 669 701 732 titulo
712 667 860 753 infignita:
883 671 1054 729 Brnmnr
1065 667 1305 755 Setrteneiaeebur

350 753 462 832 logice,
478 769 531 835 per
543 753 720 815 Benedieium
733 753 929 813 Chelidonium.
967 753 1075 812 Wenttae
1089 769 1180 833 1519.
1204 755 1238 818 in
1294 747 1319 768 '¹

350 835 386 900 ld
405 834 468 898 sane
488 857 524 898 ex
538 837 682 917 utriusque
693 835 771 897 Libri
795 836 975 897 contentione
998 835 1095 918 negari
1111 857 1174 898 non
1196 859 1236 921 po
1285 907 1288 913 ¹

351 920 471 988 Bandini
496 919 613 982 Librum
639 920 692 983 esse
713 918 925 1001 Compendium
948 937 1068 994 eorum,
1092 939 1154 1000 quae
1174 919 1319 1012 diffuliup',

349 1003 539 1066 aLombardo
561 1003 672 1066 tradate
688 1000 760 1064 sunt.
804 1000 905 1080 Bemlr,
919 1001 1018 1063 Peziur
1032 1003 1064 1063 in
1077 997 1150 1084 Diffi
1158 1002 1319 1096 lfirgagiq'j'

347 1089 389 1149 od
405 1089 478 1149 Tom.
488 1089 510 1149 1.
530 1086 663 1167 Thesauri
677 1085 808 1147 Arecdoe.
822 1082 957 1166 novp'ffimi
970 1105 999 1166 p.
1007 1085 1058 1165 46.
1079 1105 1116 1148 ex
1126 1087 1319 1172 incomparqa,

346 1169 498 1336 llll
499 1167 1319 1318 rnoremrelttrrrrrtsttrrr1²

349 1341 367 1373 “
387 1357 472 1418 quern
494 1334 530 1396 de
542 1333 589 1396 sua
600 1298 795 1432 disputatione
813 1338 931 1397 Viennae
944 1335 1036 1397 habita
1055 1295 1159 1411 edidit,
1184 1275 1319 1486 der&

347 1417 1319 1585 11nrlrrnnlnranlrnnnerunt

345 1591 365 1623 ‘¹
387 1585 453 1648 dieti
466 1584 686 1662 Morusterium,
711 1585 760 1646 ubi
786 1585 855 1646 dum
871 1587 903 1648 in
915 1584 1035 1667 hospitio
1057 1585 1160 1648 itineris
1174 1576 1305 1685 comitqf

347 1675 365 1706 “
385 1689 503 1752 corpora
517 1675 545 1732 dr
560 1689 647 1750 equos
659 1671 803 1744 eurarent,
824 1689 879 1752 ego
896 1690 949 1751 pro
961 1690 1026 1730 meo
1047 1670 1078 1730 in
1093 1670 1182 1731 bonas
1196 1673 1319 1751 litter-q„

346 1759 363 1790 ‘¹
383 1773 495 1828 amore,
512 1751 716 1830 Monasterium
731 1751 893 1826 conscendi,
913 1750 1109 1834 supelleililem
1126 1750 1306 1820 chartaceanl-

345 1841 366 1873 “
387 1833 508 1911 visurus,
533 1834 583 1896 ubi
603 1837 710 1898 codices
724 1836 816 1916 reperi
826 1836 971 1917 plurimos.
1013 1841 1055 1896 At
1073 1837 1202 1916 inprimis
1219 1831 1319 1915 mitio,

345 1924 364 1954 “
385 1918 437 1979 fiee
458 1918 614 1980 obleilabar
634 1919 663 1980 in
685 1920 764 1999 Mag.
788 1921 969 1980 Bernmnr
990 1918 1103 1979 Summo
1127 1918 1303 2002 molegica*

342 2006 361 2036 “
381 2007 473 2087 Qram
495 2001 564 2064 dum
578 2002 737 2086 diligentius
753 2001 926 2076 leffitaisem,
944 2002 1069 2081 comperi
1083 2000 1219 2085 (dempta
1304 2042 1315 2075 0

343 2088 362 2118 “
388 2085 541 2169 elegantia)
564 2084 635 2146 nihil
649 2106 714 2146 eum
730 2102 777 2146 aut
792 2105 942 2166 perparum
962 2106 978 2145 a
994 2087 1077 2147 Petro
1093 2086 1249 2169 Longobar
1317 2087 1319 2092 ’

342 2163 586 2232 “Sententiarum
604 2167 755 2252 Magistro,
777 2167 908 2244 differre,
931 2169 969 2229 ita
988 2166 1030 2230 fin
1071 2168 1109 2230 las
1133 2167 1319 2248 sententium

223 2237 229 2250 ’
341 2255 415 2313 “eo
437 2254 520 2313 etiem
541 2251 662 2328 ordine,
695 2271 753 2331 quo
775 2250 911 2334 Magister
935 2251 1010 2328 doli'
1034 2271 1090 2312 nne
1108 2229 1319 2334 prosequitur.¹

340 2338 359 2371 “
380 2336 496 2396 Contuli
513 2336 589 2395 enim
612 2332 757 2396 confestim
775 2335 892 2396 Librum
905 2333 1007 2409 Libro,
1028 2357 1089 2396 non
1100 2353 1161 2395 uno
1176 2337 1208 2398 in
1220 2337 1299 2405 locor
1316 2321 1319 2427 ξ

341 2418 361 2451 “
383 2421 427 2479 Ut
450 2417 519 2478 milri
537 2417 673 2480 dubitatio
696 2416 808 2478 suborto
828 2415 862 2479 fit
883 2440 945 2482 nott
963 2417 1088 2494 modica,
1111 2419 1175 2498 quir
1195 2441 1233 2481 ex

340 2502 359 2533 ‘³
380 2503 492 2563 cuculus
510 2500 616 2574 fuerit,
644 2501 765 2562 alienum
788 2498 839 2561 fibi
856 2498 1016 2584 supponens
1033 2517 1153 2584 partum.
1194 2505 1295 2568 Petrei
1317 2507 1319 2512 ’

340 2585 357 2615 “
379 2586 455 2646 enim
475 2607 491 2645 a
506 2601 549 2646 tot
560 2582 656 2644 seculis
670 2600 795 2664 receptus
810 2583 850 2646 est
870 2605 922 2666 pro
937 2601 1013 2646 certo
1028 2589 1139 2646 Autore
1152 2589 1181 2646 ἃ
1193 2587 1291 2667 prinu·

339 2668 358 2699 “
378 2669 421 2729 rio
441 2668 522 2748 hujus
546 2667 675 2728 Summae.
718 2671 759 2728 At
779 2685 892 2744 contra,
915 2667 1087 2752 pervetustus
1097 2659 1148 2728 'est
1170 2669 1292 2735 Bendini

340 2751 358 2780 '‘
384 2750 499 2825 Codex,
520 2749 746 2831 inantiquiffimo
761 2751 950 2823 Monasterio,
974 2753 1020 2812 tali
1035 2751 1156 2812 formula
1177 2755 1315 2835 concim,

339 2833 357 2864 “
382 2849 477 2910 natus,
501 2849 534 2893 ut
548 2835 608 2914 quit
623 2833 726 2893 facilius
738 2834 841 2914 aliquid
856 2833 1009 2912 addiderit,
1029 2856 1114 2916 quam
1132 2834 1289 2902 detraxerit.

338 2915 356 2946 ‘¹
378 2917 447 2977 Hac
466 2915 577 2976 Edrius.
625 2918 734 2978 Verum
756 2916 959 2980 dubitationem
980 2917 1078 2994 lunc,
1103 2919 1166 2998 quis
1186 2919 1304 2986 horum

338 2998 356 3031 “
380 2998 503 3060 duorum
518 2999 595 3059 alteri
608 2997 654 3060 sua
668 3000 780 3075 debeat,
802 3001 907 3062 dirimit
923 3002 1049 3063 laudatus
1060 3003 1164 3063 Codex
1179 3003 1291 3066 Artaba·

337 3082 358 3115 “
378 3081 543 3165 superioris,
566 3084 597 3142 in
611 3103 668 3163 quo
683 3084 803 3144 Bandini
818 3085 898 3166 Opus
909 3085 1085 3145 Albreviatio
1094 3087 1130 3144 de
1141 3085 1225 3148 Libro
1238 3087 1290 3150 So·
1314 3134 1317 3141 .

337 3165 357 3203 ‘⁴
381 3180 581 3227 crementorum
602 3168 681 3246 Mag.
699 3167 792 3240 Petri,
815 3166 909 3249 Poris
922 3169 972 3247 Ep.
983 3167 1112 3249 fideliter
1129 3169 1194 3228 alia
1217 3171 1318 3232 clere:-

339 3251 357 3281 “
374 3265 409 3311 'ac
419 3245 557 3310 affirmate
575 3247 683 3309 dicitur.
734 3250 843 3330 Quibus
857 3249 985 3312 derebus
1008 3270 1073 3310 cum
1093 3250 1289 3316 intercoenon·

337 3333 356 3364 “
380 3333 450 3395 dum
471 3353 536 3394 cum
549 3336 585 3393 A.
596 3333 628 3391 R.
643 3333 673 3390 P.
687 3334 838 3408 Amando,
861 3333 972 3395 Altalrae
991 3330 1140 3414 superioris
1158 3335 1287 3412 Seniore,
1309 3343 1315 3355 “

336 3416 354 3448 “
379 3418 465 3477 oeulis
479 3432 574 3498 oapto,
592 3413 639 3475 sed
655 3417 724 3475 Viro
741 3415 911 3493 dodiffimo,
933 3418 1091 3480 sermonem
1104 3415 1286 3496 haberemur,

335 3498 353 3529 ‘⁸
373 3497 521 3559 testabatur
531 3501 554 3559 is
565 3496 593 3559 se
606 3499 670 3559 ideo
683 3499 818 3560 duntaxat
829 3521 904 3562 nunc
917 3503 1041 3562 maximo
1053 3500 1206 3583 recipiendi
1215 3501 1288 3564 visos

336 3584 355 3613 “
380 3580 515 3642 defiderio
532 3583 712 3658 inflammari,
734 3599 767 3644 ut
778 3582 877 3644 restam
890 3586 1044 3665 praeclaras,
1064 3604 1126 3664 quae
1138 3583 1219 3646 domi
1233 3586 1288 3648 suc

335 3665 353 3695 “
377 3664 507 3726 hellenus
520 3666 651 3727 omnibus
670 3664 760 3728 insciis
778 3664 924 3727 adversata:
940 3666 1049 3743 effent,·
1061 3668 1117 3728 suia
1131 3666 1190 3749 ipse
1202 3669 1288 3732 oculi·

334 3748 352 3779 “
372 3748 460 3827 poiiet
479 3745 618 3829 usurpare.
642 3794 660 3824 „
701 3751 807 3810 Utrum
830 3770 896 3810 vero
920 3751 1065 3813 Bandinus
1091 3751 1288 3814 Lombardum

330 3830 363 3922 in
377 3831 518 3912 epitomen
532 3829 687 3914 redegerit,
706 3854 743 3895 en
759 3831 935 3898 Lombardur
949 3855 964 3896 a
977 3833 1107 3912 Bandino
1119 3833 1288 3981 diegadlatiur

1037 3943 1042 3950 ·
1174 3936 1190 3979 e
1212 3937 1283 3982 uxt-
