3242 4709
364 423 641 620 Piaefatio
689 479 972 616 secundae
1009 373 1323 626 Editionis.
1399 647 1403 662 Ι

317 758 319 770 ’
381 769 386 778 ’
539 791 779 934 ,Εεέῖονί
809 755 1074 896 Ιὴῑηαίιίο.ι

316 1180 333 1223 4

451 1257 662 1348 uciffimis
684 1257 823 1347 verbis
853 1258 1053 1375 praefandi
1080 1259 1223 1346 officio
1247 1259 1321 1348 de·

430 1369 599 1486 fungar.
687 1377 934 1486 Nunquam¹
960 1373 1133 1485 quidem
1176 1380 1320 1488 putavi

428 1481 548 1586 fore,
584 1510 686 1570 cum
705 1481 859 1570 librum
876 1481 1106 1570 hunc·ante
1132 1493 1320 1600 quinque-

365 1621 480 1680 annos
509 1594 669 1710 publici
678 1590 784 1704 juris
802 1593 984 1682 facerem
994 1657 1010 1698 ,
1032 1619 1079 1682 ut
1091 1596 1150 1680 illi
1176 1595 1316 1682 denuo

364 1706 606 1794 excudendo
658 1705 852 1792 secundas
893 1735 1013 1794 curas
1058 1706 1322 1794 adhibiturus

366 1815 493 1905 effem.
549 1816 718 1904 Accidit
732 1839 873 1904 autem
902 1841 1053 1933 praeter
1067 1826 1316 1933 opinionem

344 1955 520 2031 meam,
550 1952 623 2031 ut,
649 1928 755 2016 libro
772 1929 847 2015 isto
876 1927 1214 2046 quamcitissime
1238 1957 1316 2045 per

363 2038 584 2128 litteratum
619 2040 766 2127 orbern
805 2040 1027 2143 distracio,
1070 2043 1122 2130 ab
1157 2042 1316 2156 aliquot

359 2149 435 2263 jam
469 2161 590 2239 annis
626 2152 879 2268 exemplaria
912 2162 956 2239 in
982 2153 1315 2270 Bibliopolarum

362 2262 533 2352 officinis
570 2292 770 2379 apparere
803 2261 1007 2356 defierint.
1054 2261 1316 2354 'Gratifican-

362 2373 458 2464 dum
484 2383 619 2488 igitur
641 2377 798 2464 Amicis
824 2376 992 2479 censui,
1027 2386 1100 2492 qui
1126 2377 1165 2464 se
1191 2375 1316 2489 hujus

361 2485 392 2573 le
423 2489 522 2576 endi
542 2487 745 2575 defidcrio
763 2496 896 2574 teneri
919 2518 1006 2574 non
1022 2489 1192 2576 obscure
1206 2487 1315 2578 mihi

361 2516 642 2702 offenderunt,
656 2604 901 2715 summaque
920 2629 1002 2716 ope
1019 2610 1195 2688 annixus
1208 2603 1316 2702 ium,

361 2735 509 2798 utnon
537 2712 671 2799 solum
708 2719 847 2825 priore
875 2713 1057 2798 editione
1091 2714 1314 2800 melior&

361 2825 590 2933 castigatior
609 2821 806 2940 prodiret,
828 2822 895 2910 sed
909 2829 951 2910 ὃ(
966 2827 1111 2940 insigni
1125 2826 1312 2940 quodam

361 2937 540 3022 auciario
580 2937 674 3021 locu
708 2934 865 3021 letatus.
925 2940 1037 3022 Cave
1068 2961 1208 3021 tamen
1239 2965 1311 3022 ex-

361 3047 533 3160 species,
550 2963 786 3162 perfegum
802 3047 877 3133 tibi
895 3056 1088 3134 omnium
1106 3049 1323 3134 librorum*

360 3169 562 3246 rariorum
590 3156 774 3243 indicem
800 3184 824 3242 a
847 3186 919 3242 me
946 3157 1145 3246 exhiberi.
1197 3164 1311 3245 Huic

361 3269 465 3374 sane,
495 3271 634 3357 nescio
657 3276 770 3383 quis,
801 3268 974 3355 sufficiat
1000 3279 1118 3384 operi
1141 3280 1182 3356 in
1200 3291 1312 3354 tanta

362 3381 559 3468 librorum
581 3380 862 3480 multitudine,
886 3382 938 3465 de
958 3411 1038 3495 qua
1055 3387 1230 3492 Magnus
1243 3381 1311 3465 ille

360 3496 545 3579 cmm
557 3520 674 3576 τινε
701 3489 838 3577 dicere
854 3492 991 3578 solitus
1008 3489 1112 3577 fuit:
1147 3506 1184 3579 Si
1203 3508 1309 3580 Mun-

361 3607 411 3682 dus
427 3609 544 3686 adhuc
568 3606 666 3680 mille
687 3611 792 3678 annos*
815 3605 979 3690 dmnbit,
1008 3606 1055 3686 &
1074 3627 1125 3680 tot
1140 3606 1243 3690 libri,
1266 3629 1308 3682 ut

362 3705 464 3797 bodie,
494 3703 783 3803 conscribentur,·
811 3730 969 3791 -vereor,
993 3733 1036 3782 ne
1057 3733 1077 3780 e
1096 3706 1309 3783 Bibliotheca}

358 3821 488 3926 ingre
505 3816 683 3896 Civitates
694 3817 801 3916 fiant.
859 3806 952 3915 Ego
970 3806 1060 3893 sane
1079 3835 1220 3894 ineam
1242 3805 1308 3891 hic

312 3875 318 4062 ξ
838 3941 862 3999 a
893 3943 916 4022 5
1188 3914 1306 4003 infir·
