3242 4709
328 459 617 588 infirmitatem
633 476 1103 594 lubentiffimeagnolco.
1140 483 1273 592 ,Novi

240 625 242 630 ·
328 587 512 679 Eruditis
530 591 709 678 caullam
726 590 817 678 fore
834 594 1137 707 conquerendi,
1166 595 1273 683 mul·

328 727 413 807 tos,
435 710 525 792 itno
540 709 838 821 &praecip'uos,
854 704 1051 792 notabiles
1081 733 1134 792 ue
1149 706 1274 794 libros

327 846 351 902 a
378 844 449 902 me
472 811 590 901 fuiffe
617 815 685 903 vel
706 817 826 927 plane
851 822 1060 930 praetermi
1090 846 1168 920 os,
1206 817 1275 921 vel

328 955 414 1014 non
442 922 531 1013 latis
554 950 740 1021 accurate
769 925 1008 1040 descriptos,
1068 928 1148 1016 Sed
1171 927 1275 1016 hanc

328 1044 550 1127 materiam
578 1036 849 1126 'exhauriendi
883 1065 1076 1128 mearum
1106 1039 1276 1129 nonest

327 1159 497 1240 virium.
552 1152 667 1237 Tam
696 1155 869 1267 penuria
901 1156 944 1238 δε
969 1147 1154 1239 defedius
1182 1152 1276 1270 plu·

326 1272 540 1350 rimorum
568 1262 807 1365 librorum,
860 1290 989 1377 quarn
1019 1261 1276 1354 affiduorum

325 1374 548 1474 laborum,
578 1374 1066 1489 impedimentorumque
1088 1375 1277 1491 publico·

326 1514 426 1575 rum
448 1511 547 1572 cura
572 1489 801 1588 dicerene,
827 1484 1017 1589 obstant,
1051 1495 1277 1601 quominus

327 1620 407 1684 tuae
422 1596 712 1712 exspestationi
725 1595 950 1686 satisfacere
965 1595 1129 1712 poffim.
1184 1601 1278 1687 Erit

325 1709 580 1825 aliquando,
615 1716 677 1795 uti
709 1708 827 1834 spero
860 1714 902 1798 δι
933 1717 1164 1826 percupio,
1200 1717 1278 1826 qui

252 1857 257 1869 ¹
326 1820 514 1935 pluribus
566 1827 609 1908 &
658 1819 883 1936 majoribus
934 1816 1277 1932 adjumentorum

221 2013 227 2044 ‚
325 1932 712 2049 copiis-iustrudius,
728 1929 1077 2020 Bibliothecarum
1094 1940 1137 2020 in
1151 1941 1277 2022 variis

323 2047 506 2157 Europae
544 2045 728 2160 partibus
770 2042 867 2130 hinc
907 2043 1007 2129 inde
1048 2043 1275 2162 sparsorum

325 2157 564 2272 supellestili
578 2155 735 2248 curiosa
757 2155 1051 2271 locupletatus,
1078 2154 1275 2246 familiari

325 2266 618 2464 frerpuentique
650 2270 853 2356 Virorum
886 2264 1276 2361 litteratiffimorum

325 2405 406 2467 con
422 2380 619 2468 uetudine
634 2378 741 2480 usus,
756 2379 918 2493 lacunas
925 2377 1080 2466 nostras
1097 2378 1278 2474 feliciter

246 2489 256 2508 ⁴
325 2494 524 2608 explebit,
536 2490 664 2578 dubia
682 2487 916 2590 elucidabit,
934 2504 1066 2595 errata
1080 2500 1276 2605 corriget,

325 2631 376 2693 ac
399 2631 506 2720 opus
529 2602 649 2689 nobis
679 2609 725 2688 in
752 2598 833 2685 hoc
861 2600 1095 2688 studiorum
1117 2630 1274 2718 genere

324 2713 669 2824 tradetomnibus
679 2717 864 2800 numeris
878 2710 1138 2818 absolutum.f
1157 2716 1276 2808 Vale.

326 2832 489 2919 Bremae
510 2826 551 2916 d.
563 2827 788 2945 nvaept.
810 2850 1110 2944 Muccxxxvu.
