3242 4709
608 487 1015 598 stubs

490 675 617 750 Libros
637 679 886 751 Surrentiarum.
936 682 1006 751 Hie
1029 687 1285 784 compendiator

361 784 508 881 paulum
532 776 668 876 seripfit
687 779 883 865 Libellum3
918 781 976 852 ille
999 789 1109 854 ΑιιτοιΙ
1140 788 1283 886 decuplo

310 946 314 955 .
363 885 497 980 ujorem.
556 879 682 954 Habeo
698 882 842 954 Bandin'i
859 881 1044 956 editionem
1059 890 1284 981 Lovaniensnn,

357 985 439 1084 inqu
449 983 521 1058 fol.
531 1011 558 1058 1.
579 979 740 1081 praefatur
754 989 871 1054 Petrus
885 984 1063 1056 Coloneus
1084 986 1126 1059 de
1137 988 1285 1062 editione

355 1091 484 1185 Vmfi
509 1087 601 1158 anni
614 1102 692 1176 1518.
744 1085 890 1157 Librum
905 1085 1002 1158 illum
1020 1091 1135 1185 paucis
1152 1113 1284 1161 eatenus
1379 1161 1384 1170 ,

290 1170 300 1278 ¹,
357 1183 447 1273 siun,
478 1189 518 1262 ὅ(
541 1184 624 1258 sane
645 1183 774 1269 neseio,
797 1213 840 1258 an
862 1209 995 1260 eatenus
1016 1189 1056 1259 ab
1072 1189 1143 1260 ullo
1167 1192 1284 1262 citatus

290 1407 303 1448 Ι

290 1489 304 1530 :t

290 1721 303 1777 i

290 1821 302 1860 s

300 1933 308 2008 Ι
342 1897 423 1972 alium
440 1901 488 1972 de
503 1893 638 1971 famosa
649 1901 779 1994 Joanna
791 1895 928 1998 Papiffa,
951 1924 1051 1995 quam
1066 1897 1283 1972 meriffimam

290 1309 292 1316 ’
360 1283 390 1372 b,
405 1319 482 1364 tum
492 1287 693 1362 Lombardi
700 1294 796 1387 Opus
810 1284 1157 1386 sempetnutiffimum
1171 1287 1285 1363 fuerit.

399 1397 464 1466 Dn.
483 1391 641 1466 Blondel
661 1412 761 1461 notus
775 1397 885 1462 Autor
898 1388 960 1473 est,
987 1394 1023 1463 in
1037 1391 1150 1463 haereii
1171 1414 1282 1464 natus:

347 1487 420 1566 citui
441 1499 482 1568 in
511 1494 575 1564 ille
598 1515 735 1590 putatur
759 1515 913 1563 mortuus
937 1489 1010 1564 effe.
1061 1497 1192 1587 Negari
1212 1519 1284 1566 non

344 1591 445 1680 ichen}
460 1587 572 1668 fuiss'e
593 1596 720 1666 Virum
740 1593 919 1664 eruditum.
975 1593 1040 1665 Sed
1058 1593 1082 1665 fi
1099 1602 1166 1668 Dn.
1185 1599 1285 1669 Diec·

336 1719 424 1770 utun
438 1696 602 1772 Librum
618 1695 686 1792 ejus
700 1697 1040 1790 dePrimatiaEcclessae
1057 1699 1172 1791 magni
1185 1693 1282 1784 facit5

344 1795 420 1871 &bet
448 1799 586 1871 eodem
602 1797 678 1892 jure
702 1792 946 1889 magnifacere
967 1796 1111 1870 Librum
1133 1799 1283 1894 ejusdem

339 1995 474 2074 fibulam
505 1995 577 2073 effe
617 1999 802 2071 luculenter
835 1998 1007 2081 ostendit,
1047 1996 1281 2073 frendentibus

337 2105 538 2176 Aretholicis
582 2099 674 2172 istius
721 2095 878 2184 falutlosae
924 2107 1062 2200 Joannae
1102 2100 1281 2174 tenacibus.

336 2203 497 2304 scripsere
511 2203 618 2275 multi
633 2205 721 2273 inter
736 2202 928 2273 Catholieos
945 2203 987 2273 de
1000 2205 1158 2274 Pritititia
1170 2204 1281 2275 Eccle-

335 2301 377 2376 be
398 2308 462 2378 alia
485 2315 592 2403 etque
618 2304 680 2375 alia
699 2327 763 2402 pto
785 2299 845 2374 suo
865 2299 982 2388 sensu;
1015 2305 1127 2375 nullus
1151 2328 1281 2388 tamen,

332 2409 418 2504 quod
441 2404 576 2489 sciam,
609 2432 650 2476 ex
676 2401 824 2504 profeffo
849 2404 910 2476 fibi
930 2401 1043 2477 sumfit
1066 2402 1281 2478 refutandum

333 2509 559 2582 blondellum.
612 2507 705 2604 Qud
727 2527 838 2578 autem
860 2506 940 2578 inde
961 2503 1156 2577 inferatur?
1192 2504 1281 2578 refu-

332 2615 389 2682 ttri
402 2637 479 2683 non
494 2605 624 2708 poffe?
680 2607 873 2690 Haberent,
899 2608 992 2704 quod
1007 2620 1143 2700 agerent
1161 2610 1282 2679 Catho-

334 2711 404 2796 bei,
438 2711 465 2784 {i
498 2711 630 2782 vellent
665 2711 830 2805 ejusmodi
858 2711 972 2779 omnia
1005 2709 1281 2782 Aeatholieorum

338 2807 390 2886 fui
415 2839 449 2886 ta
466 2809 626 2885 refutare.
675 2812 772 2882 Plura
787 2811 879 2891 talia,
906 2808 966 2879 ubi
980 2807 1061 2881 fides
1076 2809 1186 2883 nostru
1205 2808 1281 2882 soli-

360 2917 366 2930 '
387 2943 459 2988 une
473 2903 615 2986 fundata
625 2910 679 2996 est,
703 2923 877 2984 contemtu
883 2913 998 3009 potius
1014 2907 1189 2985 refutanda
1196 2910 1280 2995 sunt,
1294 2945 1297 2950 ¹

332 3041 430 3114 quam
443 3013 673 3114 responfione.
724 3015 823 3085 Plura
844 3038 915 3084 non
932 3015 1038 3110 capiet
1059 3016 1129 3085 baee
1153 3017 1281 3095 charta,

331 3145 439 3216 neque
458 3120 549 3188 mihi
562 3143 651 3187 nune
667 3119 833 3213 permittit
850 3138 993 3211 teinpus.
1045 3121 1158 3211 Qtare
1183 3121 1222 3184 R.
1237 3121 1281 3183 V.

331 3217 521 3320 amplestor
545 3243 623 3288 cum
649 3214 761 3289 esculo
786 3219 957 3313 caritatis,
990 3217 1099 3287 &me
1121 3221 1173 3286 SS.
1195 3215 1283 3308 ejus.

332 3323 365 3392 ἃ
393 3319 604 3420 Apostolicis
636 3316 805 3389 laboribus
845 3317 1033 3416 plurimum
1067 3315 1281 3387 commendo.

334 3423 548 3521 nutverpiae,
578 3421 646 3492 Kal.
663 3418 857 3492 Novembr.
880 3427 985 3507 1706.·

345 3582 348 3592 ·
431 3536 472 3610 R.
508 3533 548 3608 V.

915 3634 1013 3694 Servus
1034 3631 1064 3692 in
1077 3627 1202 3704 Christ0‚

338 3723 532 3802 Reverendo
540 3777 553 3810 ,
570 3724 618 3806 ό*
636 3725 672 3804 in
687 3721 816 3822 Christo
968 3730 1068 3798 Conr.
1084 3728 1281 3824 Janningus.

341 3829 466 3912 Patri,
497 3829 538 3904 P.
558 3827 687 3917 Joanni
710 3831 811 3903 Han-

341 3951 446 4014 none,
472 3928 647 4008 Societatis
668 3927 765 4027 Jcfit.

593 4029 801 4128 Hambumi.
1192 4022 1282 4102 Tho-
